2914 4770
259 345 303 409 34
552 356 788 408 rrsrrnourn
813 355 861 405 nr
883 355 1059 404 arcturo.

260 502 351 566 bitur
373 502 427 565 De
451 501 527 565 Deo
553 499 704 565 Socratis
726 497 826 563 facile
848 501 899 562 est
919 498 1075 562 invenire.
1119 495 1226 582 Cujus
1241 501 1359 580 uerba,

262 607 397 685 propter
411 603 606 685 elegantiam
622 619 784 684 sensuum
798 606 833 664 et
858 601 1020 664 orationis
1035 598 1187 684 lepidam
1201 609 1360 666 venusta-

264 706 470 780 tem,'curavi
482 705 647 767 inserere:
670 711 708 766 ut
729 703 783 768 his
796 721 872 784 quae
882 695 1069 765 scribuntur
1082 702 1247 784 promtius
1263 702 1361 766 adhi-

261 805 381 868 beatur
401 803 495 882 tides,
517 824 594 868 cum
614 803 657 867 de
671 803 852 885 purissImo
867 802 959 866 sonte
974 800 1135 884 majorum
1148 804 1266 866 eadem
1280 821 1361 886 pro-

230 947 234 955 ·
260 902 402 970 lluxtsse
416 905 614 970 constiterit·
651 903 711 969 Ait
725 907 838 988 itaque
853 903 1032 986 Apuleius,
1054 904 1115 966 &c

735 1059 886 1125 Deinde:

301 1176 399 1266 'Haec
414 1175 580 1262 Apuleius
593 1179 764 1259 eleganter
783 1176 917 1259 quidem
932 1181 968 1239 et
980 1173 1166 1259 splendide.

590 1300 595 1310 Ι
620 1343 716 1408 Idem
729 1344 789 1408 lib.
801 1360 957 1426 vrucap.
971 1343 1004 1406 6.

309 1467 365 1531 Ex
380 1470 504 1551 quibus
518 1469 618 1535 valde
631 1471 800 1535 nobilitati
815 1474 891 1534 sunt
906 1469 1031 1546 Graeci,
1046 1467 1212 1547 Plotinae,
1222 1467 1364 1536 Iambli-

266 1569 360 1647 chus,
383 1576 418 1634 et
439 1570 658 1654 Porphyrius,
674 1571 872 1646 Catholicae,
889 1576 928 1634 ut
945 1570 1076 1644 dicitur,
1093 1568 1172 1632 fidei
1192 1569 1365 1651 pessimus

265 1669 482 1753 impugnator.
520 1671 562 1734 In
585 1678 728 1753 utraque
750 1689 830 1733 vero
860 1669 1002 1750 Lingua,
1026 1668 1149 1734 Graeca
1170 1670 1300 1733 scilicet
1331 1676 1367 1735 et

267 1757 399 1846 Latina,
414 1770 537 1834 nobilis
552 1773 664 1836 extitit
677 1771 844 1855 Apuleius
856 1769 958 1834 Afer:
978 1770 1030 1834 vir
1038 1789 1178 1852 magnus
1188 1771 1221 1833 iu
1231 1770 1365 1853 primis,

267 1877 300 1932 et
323 1871 382 1953 qui
406 1877 579 1935 venustate
600 1891 731 1935 morum
751 1877 785 1935 et
798 1871 932 1935 dIcendi
946 1870 1048 1953 copia
1063 1871 1276 1935 Socraticum
1289 1871 1366 1934 fon-

267 1977 333 2032 tem
348 1973 382 2032 et
396 1969 609 2034 Platonicum
624 1972 797 2036 torrentem·
810 1971 910 2036 facile
924 1971 1073 2036 redoleat
1087 1971 1142 2035 vel
1156 1973 1297 2036 tenuiter
1311 1992 1366 2038 sa-

268 2069 382 2151 pienti.

613 2195 706 2263 Idem
719 2197 778 2262 lib.
796 2214 877 2262 vm.
893 2217 970 2281 cap.
986 2199 1039 2263 10.

304 2309 444 2388 Verum,
453 2315 534 2396 quia
544 2313 690 2379 Laetitiae
702 2315 735 2378 iu
744 2314 910 2378 conviviis
919 2313 1105 2397 frequenter
1115 2315 1290 2379 insidiatur
1299 2313 1369 2392 Ira,

270 2415 312 2477 ab
329 2414 497 2497 ejusmodi
511 2414 611 2481 dictis
627 2417 879 2498 temperandum
897 2425 960 2492 est,
981 2420 1016 2479 et
1036 2413 1254 2493 Quaestiones
1273 2414 1369 2480 Gon-

271 2515 414 2580 viviales
434 2516 467 2579 in
489 2535 603 2580 omnes
625 2518 854 2599 proponendae
870 2524 947 2582 sunt
963 2522 1024 2580 aut
1038 2516 1218 2580 solvendae.
1263 2514 1369 2594 Quod

270 2635 372 2698 genus
386 2617 435 2680 ita
448 2615 586 2681 Veteres
601 2618 764 2683 ludicrum
778 2638 842 2682 non
857 2623 1029 2703 putarunt3
1051 2623 1092 2680 ut
1111 2623 1146 2680 et
1163 2614 1368 2680 Aristoteles

272 2717 388 2799 aliqua
408 2716 449 2780 de
464 2717 549 2800 ipsis
576 2720 759 2802 scripserit,
773 2725 807 2784 et
821 2719 1032 2796 Plutarchus,
1047 2726 1080 2782 et
1093 2716 1273 2802 Apuleius,
1285 2737 1369 2781 cum

272 2815 452 2880 Frontone.

626 2963 724 3028 Idem
738 2966 851 3048 Epist.
867 2982 1020 3033 ccxxrr.

315 3083 365 3149 Ut
376 3087 423 3150 ait
436 3084 603 3170 Apuleius
617 3090 650 3152 in
665 3089 760 3156 libris
777 3090 830 3156 De
843 3092 920 3158 Deo
934 3094 1099 3172 Socratis,
1128 3089 1299 3158 ‘Laudem
1313 3111 1370 3158 ce-

272 3188 413 3252 lenitatis
428 3189 575 3254 simulet
590 3189 769 3272 dilIgentiae
785 3211 883 3256 nemo
899 3192 1111 3277 assequitur!

295 3355 489 3424 Vincentius
506 3361 724 3425 Beluaceusis
738 3361 872 3444 Specul.
889 3361 1070 3428 Historiar.
1085 3363 1143 3429 lib.
1159 3381 1208 3430 ιν.
1224 3384 1299 3448 cap.
1314 3367 1348 3428 7.

318 3491 372 3554 De
383 3489 529 3575 Apuleio
544 3491 652 3557 multa
666 3493 811 3577 loquitur
825 3493 1048 3576 Augustinus,
1062 3497 1204 3562 inlibris
1219 3498 1260 3562 de
1276 3496 1372 3562 civi-

210 3671 214 3680 ·
275 3596 344 3655 tute
358 3591 435 3654 Dei.
465 3593 581 3677 Hujus
596 3595 699 3678 reperi
715 3595 800 3659 duos
815 3597 932 3674 libros,
943 3616 1044 3659 unum
1060 3596 1104 3660 de
1115 3597 1197 3664 Vita
1213 3604 1246 3662 et
1261 3598 1371 3665 Mori-

275 3693 338 3756 bus
354 3692 521 3770 Platouis,
537 3695 637 3759 alium
652 3697 709 3778 qui
724 3696 908 3762 intitulatur
923 3696 976 3760 De
987 3696 1063 3760 Deo
1078 3697 1238 3762 Socratis.

319 3870 461 3936 Carolus
473 3873 616 3956 Magnus
622 3875 664 3939 de
675 3875 708 3939 N
710 3895 753 3939 on
763 3874 957 3940 Adorandis
969 3877 1189 3960 Imaginibus,
1201 3879 1259 3942 lib.
1274 3895 1325 3944 ιν.

320 3995 463 4063 Dicente
486 3997 633 4082 Apuleio
658 3999 836 4064 Platonico
859 4000 1066 4084 Philosopho
1088 4002 1319 4082 Madaurensi,
1334 4005 1371 4067 in

278 4094 364 4158 libro
379 4099 436 4178 qui
451 4100 645 4164 inscribitur
656 4098 717 4186 argi
732 4103 881 4186 ἑρμηνείας.
