2914 4770
405 369 637 420 ιιιιιιιοιιιι
663 373 710 422 nu
735 372 911 425 sruunro.
1155 363 1199 429 33

532 513 630 578 Idem
642 514 778 580 ibidem.

98 593 309 795 ειἰοιὲῖιιῐιιίιιιι
333 629 570 696 Παᾱαιιιοιιιὶε
596 633 809 717 syllogismos
830 637 1036 719 categoricos
1051 639 1197 706 breviter

189 731 271 797 avit.

486 847 682 914 Priscianus
697 851 761 916 lib.
776 867 820 921 Χ.

138 965 343 1049 ‘Dispesco‚
361 965 557 1048 dispescui,’
580 967 671 1051 qnod
694 969 793 1050 ponit
808 969 973 1052 Apuleius
986 972 1021 1035 in
1038 970 1195 1056 Dialogo,

95 1067 153 1148 qui
168 1073 222 1131 est
236 1067 291 1131 Dc
304 1067 381 1133 Deo
404 1067 574 1132 Socratis:
598 1067 704 1134 ‘Cum
726 1075 760 1134 et
780 1069 978 1136 habitacula
998 1091 1129 1138 summa
1150 1077 1194 1140 ah

93 1166 218 1232 infimis
253 1175 348 1234 tauta
382 1169 630 1256 intercapedine
664 1169 792 1255 fastigii
821 1171 1040 1258 dispescunt:
1067 1174 1103 1240 id
1132 1184 1194 1257 est,

94 1267 231 1332 distent.

404 1395 558 1462 Isidorus
574 1397 744 1480 Originum
762 1399 821 1462 lib.
840 1416 880 1462 ιι.

134 1509 216 1575 Has
244 1511 407 1607 formulas
433 1515 695 1596 categoricorum
724 1513 988 1598 syllogismorum
1017 1519 1075 1598 qui
1097 1517 1193 1599 plene

91 1631 195 1678 nosse
221 1611 399 1692 desiderat,
427 1614 549 1680 libnrm
578 1618 667 1700 legat
695 1617 753 1700 qni
772 1616 966 1681 inscribitur
989 1625 1092 1683 ΠΕΡΙ
1115 1615 1193 1683 ἘΡ-

93 1719 292 1782 ΜΗΝΕΙΑΣ
316 1714 464 1800 Apulei,
494 1723 529 1783 ot
557 1739 633 1803 quae
655 1719 810 1782 subtilius
841 1725 919 1782 sunt
934 1740 937 1750 ⁴
950 1726 1090 1785 tractata
1117 1741 1194 1804 cog-

91 1822 220 1882 noscet

264 1943 461 2028 Fulgentius
481 1944 664 2010 Placiades
675 1943 717 2008 de
732 1944 851 2011 Prisco
867 1945 1040 2012 Sermone.

131 2059 303 2145 Apuleius
311 2059 421 2126 Asino
437 2060 550 2126 Aureo
564 2063 743 2127 introducit
752 2081 898 2127 sororem
910 2064 1060 2148 Psyches
1068 2067 1188 2130 marito

93 2163 320 2228 detrahentem
342 2161 472 2228 dicere:
496 2163 619 2228 ‘Patre
632 2183 707 2227 meo
724 2165 888 2228 seniorem
902 2168 1056 2230 maritum
1072 2169 1188 2230 sortita

93 2285 180 2341 sum,
209 2264 289 2328 dein
311 2263 434 2348 quovis
456 2283 561 2349 puero
589 2263 811 2348 pumssiorem‚
844 2270 878 2330 et
907 2267 1081 2332 cucurbita
1116 2268 1187 2350 gla-

93 2363 254 2430 briorem.’

545 2463 640 2530 Idem
653 2465 737 2530 ibid.

131 2584 336 2667 choragium
365 2584 525 2667 virginale
555 2583 656 2647 sunus
685 2592 835 2650 vocatur.
879 2583 1046 2669 Apuleius
1078 2585 1187 2651 Meta-

91 2686 217 2770 morph.
239 2685 429 2770 ‘choragio
442 2685 558 2768 itaque
573 2683 733 2767 perfecto,
745 2685 988 2750 domuitionem
1001 2686 1142 2770 parant!

519 2851 614 2916 Idem
629 2851 765 2916 ibidem.

132 2969 291 3034 Edulium
301 2969 346 3034 ab
362 2967 493 3033 edendo
503 2967 628 3032 dicitur
642 2969 883 3050 preegusmtiva
893 2967 1067 3032 comestio.
1091 2965 1186 3049 Apu-

92 3071 175 3136 leius
189 3068 301 3135 Asino
321 3069 455 3134 Aureo:
480 3068 634 3134 ‘Eduliis
652 3068 792 3151 opipare
808 3067 976 3150 excepta!
1020 3065 1184 3148 Opipare,

92 3171 124 3236 id
138 3178 201 3250 est,
215 3171 321 3248 laute,
336 3176 370 3236 et
381 3171 552 3236 deliciose.

303 3340 399 3408 Idem
414 3341 606 3438 Mytbolog.
621 3340 680 3406 lib.
696 3356 753 3404 ιιι.
768 3341 812 3405 de
824 3340 969 3424 Psyche.

130 3460 298 3547 Apuleius
312 3461 347 3524 in
361 3459 457 3524 libris
476 3459 786 3544 Metamorphoscon
800 3458 887 3524 hanc
901 3458 1049 3522 sahulem
1059 3460 1185 3541 planis·

91 3565 168 3628 sime
191 3561 395 3644 designavit,
420 3563 479 3624 &c
514 3558 619 3646 (Quas
643 3559 732 3636 vide,
756 3558 860 3622 stibi
884 3556 1007 3622 subulae
1033 3557 1185 3642 Psyches

90 3665 362 3748 expositionem.)
411 3659 528 3746 [Aliud
563 3660 730 3743 Fulgentii
754 3659 978 3724 testimouium
1011 3657 1116 3724 habes
1150 3661 1184 3722 in

91 3765 251 3830 Wowerii
265 3762 374 3842 Vita]

170 3927 194 3993 J
196 3948 229 3991 o.
244 3923 498 3992 salisberiensis
513 3923 554 3988 de
570 3923 661 4004 Nug.
676 3919 799 3986 Curial.
813 3922 872 3986 lib.
889 3939 941 3986 vr.
953 3942 1027 4003 cap.
1043 3919 1096 3983 27.

131 4043 173 4108 Et
195 4043 253 4108 hic
268 4044 406 4127 quidem
424 4061 494 4106 non
514 4045 568 4105 cst
589 4058 684 4103 meus
707 4058 828 4116 sermo,
849 4038 909 4103 sed
924 4055 1024 4118 quem
1038 4035 1183 4100 omnium

92 4145 289 4228 sapientium
303 4149 416 4208 coetus
432 4140 658 4217 concelebrat,
672 4147 709 4204 et
723 4159 821 4222 quem
836 4141 871 4202 in
887 4138 972 4202 libro
987 4137 1045 4220 qui
1067 4137 1184 4202 inscri-

153 4259 343 4322 venantur.
354 4259 422 4308 Clu.
612 4255 684 4318 Apul.
1098 4253 1119 4301 C
