2914 4770
245 385 293 451 36
540 396 773 446 rnsrruonrs
799 397 849 444 uu
872 397 1051 448 urunsro.

605 544 705 609 Idem
719 542 778 607 lib.
793 557 863 606 xx.
879 561 955 628 cap.
971 544 1004 607 7.

293 667 393 731 Peuu
407 668 604 748 perpetuum
626 661 850 726 eruditionum
865 670 921 725 est
936 659 1172 724 Madaurensis
1186 657 1350 724 Philoso-

249 769 358 852 phus;
379 766 467 830 undo
481 783 544 829 uec
558 765 677 828 mirum
692 767 771 846 post
782 762 982 828 totaliorum
992 762 1350 826 observationesnobis

248 887 368 934 novam
382 867 500 932 talium
514 884 659 929 messem
674 864 822 949 quotidie
833 883 1055 928 succrescere.
1099 862 1203 927 ScIoli
1217 868 1251 926 et
1265 862 1350 928 deli-

248 978 337 1035 catae
369 969 461 1034 uaris
496 969 647 1050 magistri
683 965 844 1031 aliorsum
877 975 1015 1050 pastum
1043 985 1138 1030 suum
1167 964 1349 1048 quaesiium

250 1075 391 1138 abeant:
423 1092 487 1138 uos
512 1073 698 1136 institutum
723 1070 797 1154 ejus
826 1069 1014 1134 illustrandi
1043 1069 1207 1152 promtius
1234 1085 1350 1151 perse·

248 1193 400 1259 quemur.

476 1312 572 1378 Idem
586 1312 646 1377 lib.
664 1327 770 1376 xnvr.
784 1332 859 1397 cap.
873 1312 927 1377 16.
942 1312 977 1375 iu
987 1311 1109 1376 medio.

291 1457 337 1521 Et
358 1455 537 1539 Apuleius,
558 1455 775 1538 proprietatis
798 1455 930 1520 Latiuae
953 1458 1083 1518 amator
1104 1453 1248 1517 eximius
1269 1454 1347 1536 (qni

246 1557 419 1642 splendide
441 1558 600 1620 mentitus
621 1559 673 1618 cst
694 1556 729 1618 iu
743 1555 913 1618 Prooemio
929 1555 981 1618 sui
1000 1552 1137 1637 OperisJ
1151 1554 1249 1618 daea
1264 1553 1347 1616 Lin-

246 1678 312 1742 gua
333 1677 355 1722 a
376 1677 414 1721 se
436 1676 619 1722 aerumnose
636 1661 808 1738 percepta,
823 1660 859 1720 ct
873 1655 1048 1719 difficulter
1063 1655 1253 1733 scribenda,
1268 1673 1347 1720 cum

247 1759 380 1822 affectet
395 1755 651 1838 semipodticum
667 1755 829 1819 dictionis
840 1775 955 1837 genus,
969 1761 1002 1818 et
1017 1757 1164 1820 fabulam
1175 1756 1250 1840 ipsa
1265 1755 1347 1840 styli

246 1859 397 1923 novitate
432 1856 665 1920 commendare
704 1854 862 1940 uoluunt)
890 1856 1148 1940 ‘sempiternam
1183 1855 1347 1922 uiciniam

247 1957 376 2036 amnis:
391 1958 479 2021 dixit
491 1957 550 2021 lib.
566 1973 590 2020 1.
604 1956 867 2040 Metamorphos.
882 1958 942 2022 dcc.

287 2061 349 2140 (Et
369 2062 455 2125 locis
479 2060 558 2124 aliis
584 2059 765 2123 innumeris
789 2060 892 2124 totius
916 2057 1039 2142 Operis
1067 2058 1347 2125 adversariorum

135 2172 156 2236 ,’
246 2163 360 2228 varios
375 2160 514 2244 Apuleii
529 2161 628 2225 locos
644 2159 827 2238 illustrans,
842 2159 918 2243 ejus
932 2159 1120 2226 honorifice
1140 2159 1317 2245 meminit)

286 2342 408 2409 Iustus
424 2344 561 2428 Lipsius
571 2343 829 2427 Epistolicarum
838 2341 973 2421 Quaest.
986 2343 1045 2408 lib.
1064 2359 1103 2408 rr.
1120 2341 1229 2428 Epist.
1244 2344 1299 2408 22.

287 2480 361 2561 Ego
383 2498 465 2542 roro
493 2478 633 2561 Apuleii
654 2477 834 2540 lectionem
856 2475 1095 2540 abhorrendam
1118 2496 1185 2540 non
1206 2495 1347 2556 censeo,

242 2580 406 2665 quicquid
422 2581 480 2644 isti
492 2580 536 2644 de
552 2578 706 2662 Arpinati
719 2578 839 2643 schola
852 2576 999 2660 investes
1013 2578 1108 2660 pueri
1123 2577 1247 2643 dicant.
1285 2577 1347 2642 Ci-

242 2700 396 2746 ceronem
409 2679 639 2744 admirantur?
662 2677 795 2742 Laude.
830 2677 874 2742 Et
887 2679 1019 2742 scilicet
1029 2697 1143 2743 nosco
1158 2679 1261 2744 modo
1277 2698 1347 2744 nou

244 2783 453 2865 scripsimus,
479 2788 541 2846 aut
563 2781 706 2844 scribere
724 2799 823 2858 nuuc,
846 2781 877 2842 si
899 2779 1064 2858 cesserat,
1078 2781 1345 2864 nonpossimus.

243 2883 311 2946 Sed
325 2902 392 2946 nou
406 2883 471 2946 lroc
486 2882 605 2962 agitur.
649 2881 703 2956 Et,
715 2887 754 2943 ut
769 2879 845 2943 dem
858 2879 928 2944 Illis
953 2880 996 2943 ad
1011 2881 1233 2963 eloquentiam
1248 2881 1346 2946 Cice-

243 3001 359 3046 ronem
368 2982 504 3045 unicum
516 2999 604 3056 esse,
621 2979 807 3060 Intelligere
818 2985 853 3044 et
866 2999 986 3063 sapere
1001 2986 1113 3045 tamen
1122 2987 1174 3046 est
1188 2982 1345 3046 amultis.

243 3081 460 3166 Quanquam,
482 3080 577 3146 illum
592 3080 703 3164 ipsum
719 3079 859 3163 Apuleii
875 3081 1000 3164 stylum
1014 3081 1105 3165 quod
1121 3087 1347 3160 conmmnunt,

241 3185 361 3248 vellem
376 3184 520 3266 parcius.
565 3183 611 3246 Et
624 3201 740 3246 eamus
756 3182 799 3244 ab
815 3183 891 3246 istis
906 3183 1083 3265 discipulis
1097 3183 1140 3248 ad
1150 3183 1285 3267 judices
1296 3202 1348 3246 ex

242 3283 331 3364 Iege
355 3282 519 3365 Pompeia
541 3283 678 3363 triginta
702 3301 871 3347 annorum,
915 3283 1082 3350 'lumidus
1106 3285 1262 3362 sonasse,
1286 3305 1346 3349 ve·

242 3382 391 3463 grandis,
405 3387 440 3445 et
454 3381 619 3445 affectate)
635 3382 806 3462 elegantias
821 3385 963 3466 scriptor
976 3391 1047 3450 cst:
1068 3391 1106 3449 at
1120 3393 1209 3451 certe
1218 3386 1346 3451 doctus

240 3483 356 3546 literas
371 3486 526 3544 strueres
540 3489 683 3560 veteres,
698 3483 775 3546 etio
786 3503 940 3550 sermone
951 3485 1028 3568 ipso
1042 3485 1156 3550 Plauti
1172 3487 1344 3568 inprimis

241 3583 400 3646 imitator.
436 3580 559 3664 Itaque
575 3581 633 3646 illc
648 3585 764 3647 nescio
781 3584 857 3668 quis
873 3584 1083 3662 Rhetorista,
1098 3587 1157 3669 qui
1170 3585 1287 3650 rudere
1300 3587 1347 3650 il-

240 3685 311 3748 lum
330 3683 429 3761 dixit,
444 3702 512 3746 nou
527 3683 633 3767 loqui,
645 3686 766 3767 probet
779 3686 876 3768 prius
892 3686 933 3750 dc
948 3685 1087 3766 Plauto,
1102 3695 1137 3752 ct
1150 3686 1283 3751 credam
1296 3686 1344 3752 de

240 3783 403 3868 Apuleio.
447 3783 513 3848 Sed
527 3782 611 3848 Afer
624 3786 681 3850 ille
695 3787 771 3866 luit,
786 3795 819 3852 et
833 3793 886 3853 cst
908 3789 1065 3854 nimirum
1084 3790 1186 3854 etiam
1206 3791 1344 3855 nuncin

240 3887 345 3953 ltalia
355 3885 470 3952 odium
485 3884 678 3964 Poenorum,
692 3891 752 3952 &c

386 4041 390 4048 '
498 4042 595 4108 Idem
609 4043 669 4106 lib.
683 4043 874 4110 Electomm
891 4063 916 4108 r.
932 4064 1010 4128 cap.
1024 4045 1077 4110 18.

283 4158 418 4242 Apuleii
432 4161 588 4244 graviora
608 4160 764 4243 quaedam
781 4163 927 4228 intexere
942 4163 1019 4227 huic
1046 4163 1153 4246 ospiti
1168 4163 1346 4250 constitui,
