2914 4770
300 351 457 402 senatu
482 312 840 403 uereuunruossou
867 355 938 404 nse.
962 357 986 406 ι,
1149 343 1193 407 39

100 498 236 571 seram‚⁵
261 510 422 578 auresque
445 492 546 560 tuas⁶
571 495 797 561 benevolas⁷⁰
821 497 934 580 lepido
961 517 1099 562 susurro
1121 519 1194 583 per·

97 665 151 709 teas
161 674 231 710 aeres
246 660 327 710 eeirlea
336 659 421 710 Nudo
430 660 621 710 sermocinatione
627 677 637 720 ‚·
649 661 770 710 deserum
781 667 808 710 ta
818 661 1013 722 muisdigneter
1018 663 1099 722 serris
1107 663 1197 714 intueri

563 787 745 808 ‘mum

99 882 173 918 error
183 867 348 917 ministerum
358 874 387 917 et
397 867 534 918 admiratio
544 868 613 931 vulgi
625 866 698 916 nobis
710 867 835 928 exhibuit,
843 868 920 917 sicuti
933 869 988 932 jam
1000 869 1096 920 dedum
1108 871 1196 920 obser·

97 934 169 981 rasit
181 933 291 996 Erycina
302 933 446 994 Puteanus,
463 933 570 982 centur.
582 947 600 980 ι.
617 932 702 992 Epist.
719 936 759 981 88.
778 933 810 980 ed
829 932 855 983 J·
874 933 996 995 Lipsium.
1028 935 1080 986 Qui
1091 944 1119 984 et
1130 949 1197 984 enno

97 997 235 1060 preterito
246 1009 369 1046 sancxtx.
381 1004 439 1060 post
450 997 563 1046 Kalend.
575 995 659 1058 April.
670 1009 796 1044 cumeum
809 997 840 1044 de
854 996 901 1044 hec
911 1012 937 1046 re
949 999 1196 1059 consulerem,huuc

97 1061 122 1108 in
133 1060 239 1108 modum
250 1061 311 1108 rnilri
323 1061 455 1124 rescripsit
465 1060 659 1109 humanissime:
678 1061 736 1108 ι’1ἰι
749 1059 812 1108 fecis
830 1059 953 1119 artreum,'
970 1065 1019 1112 διε.
1038 1061 1118 1124 [Vide
1132 1063 1196 1112 Not.

97 1122 192 1186 Delph.
203 1123 238 1171 erl
248 1123 274 1172 lt.
287 1123 320 1186 1.]
352 1124 394 1174 Sic
407 1125 446 1173 vir
463 1125 506 1173 ille
518 1123 718 1182 eruditissimus,
728 1125 754 1172 in
766 1125 840 1185 cujus
860 1125 1016 1173 seutentiam
1034 1133 1092 1174 toto
1112 1126 1197 1176 enimc

97 1187 174 1246 serlo,
185 1194 387 1250 pntoctomnes
406 1195 478 1237 recta
496 1188 646 1236 sentientes.
665 1188 825 1236 Gmeriortas
839 1189 1032 1239 Elmeeiorstiee.
1067 1190 1198 1240 Meterror·

95 1251 282 1312 muter
293 1265 312 1303 1.
343 1253 444 1302 Titulus
463 1251 802 1301 inBernbiMs.verietur.
838 1252 1199 1302 intines.1r.r.vr.x.xs.

98 1316 324 1378 Mesammones.
356 1317 389 1365 Iu
400 1317 496 1365 ceteris
506 1317 571 1364 iocis
581 1317 610 1364 de
621 1317 694 1364 Asino
710 1331 788 1375 neree,
805 1316 882 1364 unico
893 1316 978 1364 titulo.
994 1317 1097 1381 Erycina
1109 1317 1200 1366 Petre-

97 1383 198 1427 ιιι-8
216 1379 253 1428 At
263 1394 308 1440 ego
318 1379 370 1430 titt.
387 1381 501 1429 Lusurus
512 1381 611 1429 asinum
623 1394 727 1428 eureum
740 1380 872 1428 exorditur
883 1381 915 1426 eb
928 1379 1121 1444 Epigrammstc
1133 1380 1199 1430 lem·

98 1442 373 1508 bicobimesnbri,quo
384 1445 533 1494 Fesrstiuum
545 1443 626 1492 filium
643 1444 696 1491 eive
710 1445 844 1492 hectorem
865 1444 995 1506 alloquens
1014 1445 1095 1494 instar
1112 1445 1201 1507 peita-

98 1509 315 1556 rnmsummetim
334 1508 465 1571 proponit,
477 1507 538 1571 quid
557 1508 590 1556 sit
610 1515 664 1556 toto
682 1509 707 1554 in
725 1522 803 1570 opere
823 1507 1031 1556 edisserteturus.
1072 1508 1200 1557 Docilitas

97 1579 183 1619 entem
194 1578 320 1632 captatur
330 1579 358 1620 et
369 1571 481 1622 attentio
493 1572 630 1632 colligitur.
643 1571 768 1632 Ptnrppm
776 1572 916 1620 Beroaldus.
950 1572 1105 1620 Besileeneis
1116 1573 1201 1634 prime

65 1669 69 1684 .
99 1636 193 1684 editio:
216 1636 252 1684 Ut
263 1651 307 1696 rgo
317 1636 370 1685 tilii.
405 1637 463 1685 Non
476 1636 596 1696 ireneilli,
614 1635 657 1699 qui
672 1636 832 1698 proloquium
844 1637 892 1683 lunc
903 1637 1018 1684 versibus
1037 1635 1070 1683 ab
1087 1633 1199 1697 Apuleio

99 1700 224 1762 seriptum
237 1699 356 1748 erbitrati
368 1707 437 1758 sunt,
448 1707 476 1749 et
487 1701 512 1748 in
523 1714 642 1748 numeros
654 1713 780 1761 reponere
791 1700 886 1748 conati.
921 1700 988 1748 Nem
1006 1697 1062 1749 fere
1079 1705 1137 1752 tote
1155 1700 1201 1748 ho·

95 1763 137 1823 jus
148 1764 284 1826 scriptoris
295 1765 333 1812 eie
345 1761 404 1813 fluit
415 1763 508 1823 cretio,
518 1770 545 1812 et
558 1763 583 1811 in
598 1764 701 1812 Milesio
713 1763 761 1812 hoo
777 1764 833 1812 luen
845 1763 985 1826 precipue,
1002 1771 1032 1813 ut
1050 1763 1144 1825 saepius
1156 1777 1200 1813 co-

99 1827 192 1874 micum
204 1841 287 1890 genus
298 1827 441 1889 scribendi,
459 1835 487 1876 et
506 1827 592 1876 Plauti
608 1842 727 1875 numeros
747 1827 893 1876 innumeros
913 1841 1047 1888 agnosces.
1066 1828 1132 1875 Colo.
1166 1828 1201 1876 Et

99 1905 141 1950 rgo
151 1891 205 1939 titi.
240 1890 403 1954 Principium
414 1891 490 1954 hujus
502 1892 561 1940 litui
572 1891 727 1940 membranae
739 1891 896 1939 i'lorentinee
910 1890 1110 1952 Lougoberdicis
1121 1891 1203 1940 literis

99 1955 203 2017 scriptae
217 1954 357 2018 (Gothicas
369 1971 413 2005 eas
426 1961 501 2004 vocet
517 1955 668 2005 Bernardns
689 1954 797 2003 nidrete
815 1955 960 2002 Canonicus
978 1953 1155 2003 Cordubensis
1173 1956 1201 2002 in

102 2018 295 2068 Commentario
316 2017 351 2068 de
368 2019 478 2083 Origine
496 2018 603 2082 Linguee
623 2019 772 2082 Hisponicae
791 2018 857 2067 libro
870 2032 913 2067 ιιι.
932 2019 1156 2081 pertimentes.
1173 2025 1202 2068 et

101 2082 1042 2211 :teretur{tullreuertenteutiterum:
1055 2080 1203 2210 truie

776 2181 784 2207 t
1038 2181 1046 2208 i

101 2210 225 2270 sentiunt,
237 2211 281 2274 qui
294 2211 358 2260 nihil
370 2183 495 2260 sentiunt.
528 2211 571 2259 De
583 2211 638 2259 istie
650 2219 737 2260 eutem
750 2211 787 2259 ite
799 2212 883 2272 glosee
900 2210 1074 2259 interlinearis
1093 2209 1203 2273 predic-

102 2281 184 2324 tuem
194 2275 422 2328 membranarum:
438 2274 681 2340 ‘vigintiquinque
700 2288 789 2324 versus
812 2274 950 2338 praemittit
967 2273 1077 2324 Auctor.
1110 2275 1201 2324 Genus

600 2416 624 2466 N
629 2414 708 2466 01*AE

11 2535 12 2539 =
102 2509 286 2559 meniorstinrn
304 2508 411 2573 Apuleii
427 2508 633 2560 Editionemed-
676 2510 819 2559 vetustior:
837 2507 947 2558 inclinet
967 2513 1052 2557 tamen
1072 2514 1102 2558 ut
1120 2507 1203 2557 imite-

103 2593 251 2642 ementem,
274 2585 410 2648 eleganter
431 2583 538 2635 scribit:
567 2585 635 2633 ‘'l'e
676 2591 759 2634 torem
784 2585 926 2634 Iauolenum
949 2583 1107 2648 pronuntiet.
1149 2584 1205 2632 Ho-

102 2659 167 2710 t'eeis
179 2675 301 2722 nereum,
317 2675 393 2725 quem
411 2660 507 2710 trustra
519 2661 634 2724 appella·
676 2675 731 2709 rum
752 2667 824 2710 certe
844 2660 942 2710 Noster
960 2660 998 2708 ite
1015 2659 1129 2708 imitator
1146 2656 1206 2720 suit,

103 2749 167 2784 mos.
205 2737 290 2784 Error
312 2735 426 2800 quidem,
449 2743 476 2785 et
498 2734 635 2785 admiratio
676 2742 706 2784 ot
717 2749 732 2784 e
744 2750 791 2785 sno
802 2749 870 2798 penu
882 2732 1081 2783 innumerebiiia
1091 2734 1207 2795 protele-

102 2811 163 2860 olim
173 2809 304 2874 ejusmodi
317 2811 420 2860 titulum
432 2810 514 2872 dedit,
525 2819 563 2872 et,
575 2811 636 2875 quia
676 2812 722 2874 rit,
731 2818 809 2875 etque
820 2812 890 2860 inter
899 2817 988 2858 cetere
1000 2810 1206 2859 venustissimum

103 2887 306 2948 pulcherrimum
320 2886 504 2949 peteritlmcii
516 2885 636 2948 Asinum,
677 2889 740 2939 iilud
752 2889 867 2953 Psyches
877 2888 1028 2938 Ἐπιισόδιιν.
1051 2888 1117 2938 Τοιι
1129 2901 1206 2951 porro

104 2975 119 3008 s
147 2959 324 3024 pulcherrimo
352 2962 459 3011 metello
488 2961 637 3012 nominerit.
676 2967 732 3016 hec
759 2965 976 3030 Metamorphosis
1007 2964 1154 3028 Apuleiana
1180 2971 1208 3013 et

104 3036 146 3085 ste
162 3036 271 3100 quidem
289 3042 318 3085 et
338 3035 494 3099 Pythagorei
506 3037 638 3098 Carmina,
678 3042 747 3103 stylo
759 3049 787 3091 et
798 3041 928 3090 sententie
945 3041 1082 3103 Satyricon
1097 3047 1137 3088 est
1148 3054 1206 3102 per-

104 3119 132 3159 et
144 3113 195 3160 elie
210 3112 306 3172 multe,
323 3127 381 3175 qure
402 3113 577 3161 commendari
595 3126 639 3176 po·
679 3123 786 3178 petnum
797 3115 1207 3180 (utrecteobserrevitBarthins

107 3196 203 3248 terent,
217 3186 250 3235 si
262 3189 341 3250 χρυσᾶ
351 3187 431 3236 dicta.
463 3187 491 3237 Si
511 3202 569 3237 meo
585 3185 640 3236 sui·
680 3191 846 3240 Auseralib.
859 3203 893 3239 ιι.
910 3195 968 3250 cap.
982 3188 1036 3253 ll.)
1051 3190 1076 3238 in
1089 3203 1139 3253 qno
1151 3191 1206 3239 Μι-

105 3261 189 3326 t'regio
218 3277 262 3311 res
289 3270 405 3325 geratur,
431 3263 584 3326 simpliciter
603 3264 640 3312 ne
672 3268 736 3330 pice
761 3265 862 3327 deliris,
879 3264 1077 3315 sacrificulorum
1100 3267 1209 3328 scelera,

105 3339 467 3402 monumemtum
483 3339 640 3389 inscribam!
680 3341 856 3391 edniterorum
877 3341 995 3400 crimine,
1017 3339 1100 3390 fertem
1120 3349 1149 3391 et
1171 3342 1208 3390 la·

106 3417 171 3464 ileo
190 3416 337 3465 Puteanus.
370 3415 443 3464 Idem
462 3423 639 3479 argumentum
680 3425 782 3466 tronum
811 3413 945 3480 impunitos
973 3415 1101 3466 sectiones
1123 3419 1208 3480 pelam

106 3495 255 3539 treeteruet
273 3490 410 3550 Lucienus,
426 3490 499 3554 cnjus
518 3491 584 3540 liber
595 3505 639 3540 cx·
680 3490 843 3544 differuntur.
873 3494 914 3542 Ne
925 3499 1019 3556 eutem,
1031 3491 1209 3556 puto,t‘ruetra

107 3573 147 3615 tet
163 3563 375 3626 mamm,
391 3566 639 3630 suentensem,
681 3575 752 3617 esset
762 3568 834 3616 enrei
853 3580 946 3615 nomen
965 3566 1048 3617 Asino
1066 3567 1125 3616 lruic
1143 3568 1207 3616 indi·

10 3633 11 3650 ³
107 3643 174 3692 inter
191 3642 296 3706 relique
313 3643 367 3706 ejus
386 3642 484 3705 Opere,
503 3649 532 3692 et
544 3643 640 3692 Lucius
681 3650 747 3706 tum,
763 3649 879 3692 ventrem
896 3643 975 3706 ipsius
988 3644 1087 3706 ruspari
1103 3657 1153 3693 non
1164 3643 1209 3692 tle·

107 3717 641 3780 Petrensis,quiscripeittterarwppbrees
681 3717 821 3781 dignentur
842 3717 1010 3767 iumirenrlnli
1034 3720 1208 3783 Chrysopreiar

107 3795 192 3854 mm
219 3791 351 3856 διαφόρους,
379 3803 458 3856 atque
491 3793 560 3842 inter
596 3807 641 3842 eos
681 3802 834 3855 sectatores,
843 3809 930 3842 muum
943 3808 970 3842 se
982 3809 1014 3842 ex
1025 3795 1083 3857 ejus
1094 3802 1210 3843 stercore

109 3887 184 3920 neuen
196 3871 241 3934 qni
259 3869 419 3929 inscribitur,
434 3868 518 3918 novale
529 3868 545 3927 ᾖ
557 3868 638 3930 'Ovem
681 3871 722 3936 (ut
733 3872 794 3920 olim
807 3885 840 3919 ex
852 3871 929 3919 Ennii
938 3869 1076 3933 Virgilius)
1087 3870 1209 3932 colligere

110 3947 189 4007 tute,
197 3961 240 3995 see
250 3946 348 4006 Ariete,
364 3951 394 3994 ut
405 3952 517 3994 testetur
528 3946 638 3994 Photins
680 3961 756 4010 posse
767 3953 913 4010 sperantes,
929 3945 1020 3993 mirum
1032 3957 1109 4006 qoam
1127 3944 1208 3994 ineui-

110 4025 133 4071 ie
145 4022 320 4082 Bibliotheca,
336 4021 380 4084 qni
396 4021 474 4069 etium
492 4019 599 4069 delinire
611 4034 638 4069 se
680 4023 733 4072 teri

111 4107 179 4148 certo
195 4111 272 4161 posse
290 4103 371 4159 neget
387 4104 445 4144 nter
457 4104 542 4143 utrum
554 4095 638 4143 imite·
711 4105 723 4130 ¹
737 4098 771 4146 Ut
781 4093 840 4160 [Ar]
850 4111 901 4156 ego,
911 4091 963 4156 tm]
983 4091 1040 4142 Hoc
1060 4092 1119 4144 libri
1140 4097 1209 4160 prin·

113 4183 151 4224 tus
161 4177 207 4238 sit,
217 4175 339 4239 quoniam
351 4175 479 4223 incertum
491 4181 549 4222 nter
560 4171 639 4222 inerit
680 4172 775 4236 cipium
787 4171 819 4220 ed
831 4185 863 4220 ee
874 4183 954 4236 grsqtre
969 4168 1062 4219 rerba:
1079 4171 1087 4200 ⁴
1103 4171 1210 4223 Theste-
1238 4231 1243 4248 Ι
