2914 4770
222 351 245 414 6
669 353 876 404 PRAEFATIO·

225 506 432 572 umbraculis
455 503 657 569 eruditorum
678 500 831 583 legenda,
856 499 913 563 sed
937 499 971 561 iu
988 497 1050 562 lori
1071 497 1328 576 lucebabenda

225 614 324 686 esset,
341 615 407 671 tam
423 623 550 672 vacuus
565 611 616 668 est
635 603 690 666 his
711 601 848 684 ineptiis
867 600 1092 678 scholasticis,
1108 607 1143 664 ut
1158 599 1232 683 ejus
1247 619 1326 663 ora-

225 710 307 776 tioni
329 709 423 786 nihil,
450 715 509 772 aut
530 711 619 770 certe
639 723 706 769 uon
728 705 868 768 multum
890 702 932 766 ad
956 721 1120 767 summam
1144 703 1326 766 sanitatem

225 815 344 877 deesse
362 810 521 874 videatur.
566 806 622 871 Ad
644 825 741 889 quem
755 805 892 868 modurn
908 803 937 867 si
952 809 1081 867 ceteros
1095 803 1199 867 libros
1216 803 1327 885 scrip-

223 915 333 989 sisset,
354 929 440 987 eum,
468 911 541 974 sine
562 907 634 973 ulla
656 908 862 990 exceptione,
880 923 955 970 cum
978 903 1212 969 Muratovar.
1228 903 1326 969 Lect.

161 1021 166 1026 '
226 1028 322 1077 xvrr.
346 1011 399 1076 19.
421 1009 602 1074 ‘eruditum
618 1008 772 1090 inprimis
787 1012 821 1071 et
835 1010 1010 1072 venustum
1025 1005 1239 1090 scriptorem'
1265 1025 1327 1070 vo-

224 1133 346 1178 carem.
388 1113 466 1177 Janr
497 1112 638 1192 scriptor
658 1117 726 1174 tam
748 1107 905 1185 eruditus,
927 1126 968 1171 ac
991 1114 1102 1173 tantus
1128 1106 1327 1171 eruditionis

225 1220 420 1292 ostentator,
433 1232 509 1278 cum
520 1231 587 1277 non
597 1231 701 1276 unum
713 1210 754 1275 de
765 1210 895 1287 multis,
906 1209 967 1273 sed
976 1210 1077 1288 longe
1089 1209 1324 1273 doctissimum

224 1319 434 1400 interpretem
457 1314 649 1399 postularet,
672 1313 770 1378 bonis
784 1313 906 1378 avibus
921 1311 1053 1387 accidit,
1068 1317 1106 1376 ut
1120 1309 1327 1374 Franciscus

226 1416 481 1500 Oudendorpius
502 1415 667 1500 ingenium
684 1424 721 1479 et
742 1414 922 1479 doctrinam
945 1431 1042 1500 suam
1065 1412 1107 1476 ad
1131 1430 1204 1476 eum
1230 1410 1327 1474 illus-

224 1520 378 1584 trandum
411 1517 716 1601 expoliendumqne
750 1517 919 1581 conferret.
976 1513 1059 1579 Erat
1083 1515 1140 1579 ille
1167 1513 1326 1578 omnibus

224 1621 404 1703 praesidiis,
420 1619 462 1682 ad
486 1638 557 1682 rem
578 1619 664 1682 bene
680 1616 852 1700 gerendam
868 1616 1078 1694 necessariis,
1094 1617 1279 1680 instructus
1292 1621 1327 1681 et

225 1728 380 1804 paratus3
402 1718 575 1801 exquisita
586 1719 780 1782 Latinitatis
792 1718 958 1782 universae
972 1717 1124 1794 scientia,
1136 1715 1326 1781 eruditione

225 1827 381 1888 accurata
395 1826 431 1884 et
444 1820 628 1898 recondita,
643 1839 718 1902 quae
732 1837 798 1882 nou
814 1819 857 1883 de
872 1819 1003 1884 Latinis
1017 1825 1144 1884 tantum
1159 1818 1325 1898 sontibus,

227 1923 300 2002 sed,
321 1927 359 1986 ut
381 1920 552 1985 Perizonii
575 1921 783 2004 discipulum
806 1939 984 2002 agnoscas,
1009 1919 1112 1984 etiam
1133 1919 1174 1984 de
1194 1917 1327 1985 Graecis

226 2030 316 2090 esset
330 2023 489 2100 derivata,
506 2041 636 2087 summa
659 2023 858 2105 scriptomm
875 2032 1142 2104 excusorumque
1162 2021 1326 2086 librorum

225 2127 336 2209 copia,
364 2143 428 2189 usu
450 2125 593 2207 denique
621 2123 736 2188 horum
761 2125 1049 2188 instrumentomm
1075 2125 1250 2206 totiusque
1277 2124 1325 2188 rei

223 2227 348 2292 criticae
361 2233 471 2304 tauto,
489 2231 635 2309 quantus
657 2226 799 2308 intelligi
819 2227 989 2290 maximus
1009 2233 1124 2308 potest
1137 2225 1172 2290 in
1188 2243 1325 2290 accura-

223 2330 357 2393 tissimo
372 2334 422 2393 tot
436 2333 586 2392 veterum
601 2329 800 2410 scriptorum
824 2326 970 2391 Editore.
1015 2327 1168 2409 Triginta
1192 2328 1327 2392 circiter

225 2448 331 2496 anuos
346 2432 379 2494 in
396 2427 545 2512 Apuleio
560 2429 765 2495 emendando
779 2437 933 2494 versatus
948 2436 1012 2504 est,
1027 2447 1087 2492 nec
1097 2435 1207 2494 tamen
1220 2443 1326 2511 opera

224 2531 414 2608 continenti,
431 2531 492 2596 sed
508 2531 687 2613 aliquoties
699 2549 759 2613 per
774 2530 862 2595 alias
873 2549 982 2608 curas,
998 2530 1149 2613 inprimis
1164 2548 1225 2612 per
1239 2529 1325 2594 Sue·

223 2632 307 2697 tonii
322 2630 520 2710 Editionem,
536 2632 755 2715 interpellata.
801 2629 853 2695 Ac
870 2631 1037 2715 potuisset
1054 2630 1130 2713 ipse
1146 2649 1231 2713 opus
1246 2651 1324 2714 pro-

222 2733 311 2812 dere,
325 2741 359 2798 et
370 2735 468 2798 vivus
481 2734 588 2816 gloria
601 2753 665 2797 sua
677 2733 754 2810 frui,
769 2732 834 2796 uisi
849 2732 986 2808 librarii,
1002 2731 1204 2808 dubitantes,
1221 2751 1263 2796 an
1278 2753 1324 2796 ex

222 2831 371 2916 Apuleio
389 2840 456 2896 tarn
472 2835 593 2914 pingue
608 2839 643 2897 et
657 2840 809 2915 paratum
826 2833 956 2896 lucrum
967 2836 1141 2896 venturum
1153 2833 1211 2910 sit,
1221 2853 1323 2916 quam

223 2953 267 3000 ex
282 2933 359 2998 aliis
374 2933 608 3017 scriptoribus,
624 2934 681 3017 qui
705 2933 856 3015 quotidie
879 2935 913 2997 iu
941 2933 1066 2998 scholis
1081 2940 1238 3012 teruntur,
1252 2955 1326 3004 rem

220 3035 462 3120 tergiversando
477 3035 513 3099 in
527 3035 660 3118 longum
677 3034 867 3099 traxissent.
890 3032 945 3098 Ita
961 3052 1037 3097 cum
1054 3032 1220 3117 Apuleius
1231 3055 1324 3100 com-

220 3139 333 3222 plures
350 3157 456 3202 annos
470 3137 505 3200 in
526 3137 660 3202 scriniis
675 3138 850 3220 jacuisset,
867 3153 930 3219 ogo
950 3134 1213 3217 bibliopolarum
1228 3139 1324 3203 sasti-

221 3239 324 3313 dium,
340 3239 430 3320 quod
445 3257 507 3302 nos
520 3244 589 3303 tam
600 3240 774 3322 praestanti
790 3239 957 3303 interioris
969 3237 1129 3302 doctrinae
1140 3237 1324 3302 monimen-

220 3345 255 3404 to
270 3340 426 3422 privaret,
442 3357 509 3403 non
525 3341 651 3405 diutius
666 3340 837 3404 ferendum
852 3347 952 3419 ratus,
969 3337 1051 3421 petii
1067 3339 1290 3422 cantandique
1300 3361 1323 3407 a

219 3441 395 3523 Theologo
410 3461 511 3524 supra
525 3442 693 3523 vulgarem
708 3441 843 3506 modum
855 3441 999 3518 erudito,
1015 3438 1172 3504 Cornelio
1188 3438 1323 3505 Ouden-

221 3543 351 3626 dorpio,
367 3542 540 3608 Francisci
555 3540 640 3623 filio,
656 3552 696 3608 nt
715 3543 797 3608 mihi
814 3543 1011 3608 facultatem
1027 3541 1120 3606 daret
1134 3541 1272 3625 Apuleii
1287 3543 1322 3608 iu

220 3645 329 3708 lucem
349 3645 546 3728 proferendi.
591 3644 672 3724 Qui,
692 3652 830 3729 quaest
852 3643 1055 3709 humanitate
1078 3651 1113 3707 et
1134 3642 1249 3708 literas
1264 3644 1321 3727 ju-

220 3745 322 3810 vandi
344 3745 466 3822 studio,
487 3746 585 3810 facile
607 3748 732 3830 petenti
747 3747 882 3812 veniam
901 3745 1005 3809 dedit.
1050 3743 1095 3808 Et
1109 3763 1199 3822 ecce,
1214 3747 1319 3829 reperi

219 3846 389 3911 librarium
415 3846 502 3911 votis
523 3848 607 3912 meis
631 3849 793 3913 hacteuus
817 3853 1028 3923 annuentem,
1043 3852 1082 3910 ut
1096 3847 1268 3931 reciperet,
1283 3869 1321 3914 se

219 3949 427 4030 praecipuum
450 3945 587 4032 Apuleii
608 3969 704 4033 opus,
721 3947 1020 4031 Metamorphosis,
1047 3948 1159 4013 statim
1175 3969 1320 4014 excusu-

219 4065 303 4124 rum,
317 4049 464 4132 reliquos
477 4049 592 4128 libros,
611 4051 758 4128 Florida,
768 4048 986 4132 Apologiam,
1000 4049 1244 4134 Philosopbica
1257 4051 1318 4116 ad-

220 4151 375 4228 ditumm,
406 4153 437 4215 si
468 4152 751 4239 Metamorphosis
780 4151 921 4236 cupidos
950 4158 1094 4218 emtores
1124 4155 1316 4220 invenisset.
