2914 4770
518 333 673 393 senemr
700 344 803 396 vrrs.
1170 335 1214 400 23

35 541 40 548 .
108 495 191 553 erat.
235 486 350 552 Divus
374 483 604 569 Hieronymus
623 488 725 552 refert
742 487 942 554 Melitenam
953 488 1121 556 Asianum
1135 492 1215 558 Sar-

108 589 247 654 densem
257 587 466 673 Episcopum
477 590 654 672 reliquisse
666 586 821 675 Ἐκλογῶν
829 590 940 654 libros
953 591 985 656 6.
1008 591 1128 659 Electa
1136 611 1215 678 ergo
1260 581 1264 590 ’
1295 581 1298 588 ’

107 691 212 755 Plinii
226 698 263 758 et
278 687 420 776 Ἐκλογα
445 690 621 756 Melitonis
645 700 720 758 sunt
734 695 776 757 rai
797 691 900 778 erepet
925 694 1215 777 Harpocrationis.

106 793 237 858 Scribit
266 793 353 858 enirn
381 792 506 858 Suidas
542 793 848 876 Harpocrationem
879 795 1057 878 scripsisse
1082 797 1216 884 Ἀνθηςῶν

106 892 301 980 Συναγωγή.
346 894 433 975 Quis
446 897 579 978 ignorat
593 899 838 979 posterioribus
855 895 1048 962 ‘deflorare'
1060 897 1215 979 ἐξανθὶζιιν,

106 999 180 1062 sire
204 999 247 1060 rel
258 996 396 1086 xgirrpa
409 999 612 1082 excerperet
637 999 737 1083 Saepe
752 999 897 1064 occurrit
911 998 985 1064 baec
998 1019 1065 1064 vox
1079 1002 1114 1064 in
1131 1001 1217 1066 Cas·

107 1099 260 1178 sicciore,
275 1101 422 1184 aliisque
438 1099 514 1185 ejus
530 1103 609 1184 aevi,
653 1101 699 1166 Et
713 1109 721 1138 ⁸
733 1099 992 1167 Deiloratornm'
1006 1101 1082 1166 libri
1096 1102 1217 1170 inscri-

106 1203 244 1280 buntur,
259 1204 294 1266 in
308 1204 432 1286 quibus
445 1204 548 1270 variae
564 1203 742 1269 Ciceronis
753 1204 962 1284 aliorumque
975 1205 1087 1289 χςιῑαι.
1117 1203 1215 1270 ‘Flo-

105 1303 188 1368 rida’
204 1304 311 1387 igitur
332 1311 410 1370 sunt
422 1309 461 1368 rol
475 1302 604 1392 'Artapat
648 1307 704 1387 Ita
719 1307 839 1371 Electa
855 1323 901 1370 ex
916 1306 1021 1369 veteri
1038 1301 1216 1373 P-oiimatio

108 1414 329 1491 excerptores
352 1408 599 1493 inscripserunt
625 1408 827 1474 ‘Floridum
856 1407 898 1470 de
920 1405 1081 1488 qualitate
1105 1407 1216 1474 vitssz’

108 1508 211 1590 plane
226 1509 333 1573 simili
354 1509 466 1574 indice
489 1518 525 1575 et
551 1511 701 1574 materia.
746 1509 808 1572 Est
834 1508 920 1571 enim
942 1507 1050 1574 Cento
1071 1507 1217 1592 plurium
1312 1580 1316 1588 ,
1379 1532 1387 1546 ·

109 1629 275 1674 versuum
301 1612 519 1676 concinnatus
549 1629 594 1674 ex
618 1611 746 1692 integro
761 1607 925 1694 poenae.
970 1607 1063 1673 Satis
1077 1609 1163 1693 jam,
1180 1616 1217 1674 nt

109 1711 263 1789 arbitror,
283 1716 420 1777 constat
439 1709 522 1795 quid
537 1710 747 1776 Floridorum
761 1709 881 1774 titulus
895 1715 1003 1788 notet,
1018 1729 1121 1794 quem
1136 1731 1222 1776 eon-.

109 1813 301 1878 venientem
315 1813 370 1878 bis
397 1812 595 1896 fragmentis
617 1814 788 1879 fateantur
815 1831 959 1877 necesse
980 1818 1034 1876 est
1057 1813 1117 1895 qui
1140 1813 1217 1896 ipsa
1291 1873 1295 1880 .

109 1914 211 1978 rerba
225 1912 480 1978 considerarim.
510 1911 601 1978 Vera
615 1915 690 1979 baec
704 1920 842 1998 praesto,
857 1931 926 1977 non
940 1932 1018 1978 mea
1029 1911 1216 1982 assertione

111 2013 266 2092 aeolide,
289 2013 350 2080 sed
365 2015 504 2100 proprio
515 2014 684 2099 cujusque
691 2013 837 2096 judicio.
861 2012 988 2079 Omnes
997 2015 1032 2078 in
1045 2033 1114 2081 rem
1127 2034 1216 2097 prae·
1333 2083 1336 2088 .

112 2121 238 2182 sentem
253 2135 356 2196 voco,
371 2124 475 2202 atque
489 2124 527 2183 ut
546 2119 658 2200 ipsam
669 2118 857 2202 orationem
872 2115 1014 2200 ejusque
1030 2133 1216 2181 connexum

111 2216 189 2282 fixis
204 2218 319 2284 oculis
334 2219 533 2296 intueantur,
547 2237 638 2300 rogo.
681 2217 828 2284 Audebo
840 2218 969 2282 interim
980 2225 1130 2301 repetere
1144 2235 1216 2282 ver-

111 2318 153 2382 ba
172 2320 307 2404 antiqui
323 2321 474 2405 pictoris,
488 2321 559 2406 qui,
574 2339 649 2386 cum
671 2321 895 2386 intellexisset
917 2318 1082 2384 Helenam
1100 2318 1217 2384 Zeuxu
1281 2351 1295 2394 ·,

112 2419 176 2484 idis
199 2421 383 2505 aquodam
400 2423 579 2499 contemni,
593 2421 704 2505 petiit,
719 2429 758 2486 ut
779 2422 851 2488 suis
876 2421 912 2485 in
933 2440 974 2486 ea
988 2419 1217 2504 contemplan-

112 2521 154 2586 da
174 2524 290 2588 oculis
310 2525 514 2604 intueretur3
538 2523 659 2586 abesse
680 2543 745 2588 non
769 2543 884 2606 posse,
911 2522 993 2606 quin
1020 2521 1170 2587 divinam
1184 2530 1221 2588 et·

111 2624 285 2706 pulchram
314 2633 475 2690 cerneret.
532 2621 671 2689 Utinam
702 2625 900 2708 parimodo
928 2626 1153 2707 impetrarem,
1177 2631 1216 2688 ut

112 2727 224 2812 animi¹
242 2728 308 2793 mei
339 2728 462 2792 obtutu
484 2726 559 2792 baec
584 2725 798 2790 considerare
826 2725 1052 2806 dignarentur!
1089 2725 1216 2790 nullius

114 2831 304 2896 auctoritas
317 2829 476 2893 rationem
485 2827 641 2902 vinceret,
652 2843 713 2890 nec
721 2826 812 2908 longi
823 2823 986 2907 temporis
1002 2823 1216 2908 praeseriptio
1351 2892 1356 2901 ,

115 2934 216 2998 errori
231 2931 423 2995 inveterato
445 2928 673 3012 patrocinium
695 2933 882 3012 praestaret,
925 2925 1091 3024 Equidem
1116 2925 1218 2994 miror

114 3038 198 3100 inter
211 3041 268 3099 tot
280 3033 432 3097 eruditos
457 3030 599 3116 Apulcii
618 3031 819 3113 interpretes
843 3028 1007 3093 neminem
1030 3027 1218 3094 advertisse

116 3138 263 3204 collecta
286 3134 360 3200 bare
380 3133 529 3198 ·Florida
551 3129 719 3195 incondite
747 3129 929 3198 coaluisse.
971 3126 1140 3192 Nimirum
1154 3127 1219 3191 boe

115 3243 247 3324 poterat
259 3243 416 3320 receptus
430 3251 534 3312 error,
547 3245 585 3298 ut
594 3233 650 3296 vel
660 3236 757 3297 acute
770 3229 982 3296 cernentibus
996 3225 1217 3311 caliginosam

117 3341 282 3408 caecitatis
296 3339 418 3403 nubem
435 3335 635 3402 offunderet!
669 3333 814 3412 Etenim,
831 3332 862 3396 si
876 3333 976 3397 toties
998 3331 1120 3418 injuria
1135 3331 1218 3396 coeli

115 3443 279 3527 impedita
302 3439 455 3505 recitatio
482 3445 548 3514 est,
570 3437 704 3520 quoties
730 3454 837 3500 sermo
862 3431 1058 3512 intercisus;
1093 3432 1217 3498 Jorem

117 3543 278 3608 Plurium
297 3539 397 3606 valde
408 3541 541 3616 iratum,
557 3537 661 3602 immo
676 3535 921 3620 implacabilem
940 3533 1102 3600 babuisse
1120 3533 1218 3618 Apu-

118 3645 218 3710 leium
234 3641 438 3709 credendum
454 3646 517 3706 est.
561 3639 600 3704 Si
616 3641 716 3706 toties
739 3639 863 3704 diversi
885 3655 984 3704 casus
1003 3639 1219 3713 intervenere,

119 3749 175 3832 qni
190 3745 410 3811 disserentem
433 3743 629 3823 abegerrmt,
645 3739 779 3824 quoties
799 3740 944 3821 abrupta
964 3738 1095 3816 oratio;
1118 3737 1218 3837 plane

120 3847 332 3932 inauspicato
346 3845 391 3910 ad
411 3844 588 3910 dicendum
611 3847 815 3908 accesserat.
861 3841 906 3906 Et
927 3841 1120 3905 maluissem
1141 3853 1219 3920 pros
1355 3857 1357 3864 ·

120 3951 206 4015 secto
229 3945 335 4014 semel
360 3945 436 4012 brac
457 3959 616 4024 asserere,
643 3961 745 4027 quam
773 3943 941 4024 suadere;
963 3941 993 4006 si
1018 3957 1078 4023 per
1102 3955 1218 4003 eorum

122 4049 350 4116 morositatem
374 4049 501 4126 liceret,
516 4049 588 4130 qui,
611 4045 772 4114 stimulati
791 4043 968 4110 ambitione
983 4038 1151 4124 φιλοδοξίας,
1165 4040 1218 4106 vel

123 4171 211 4218 mero
245 4149 386 4218 meridie
413 4152 526 4216 lucere
553 4159 684 4232 negant
728 4146 762 4213 Α
782 4147 904 4230 quibus
930 4143 1012 4226 quid
1039 4157 1217 4229 expectem
