2914 4770
411 398 644 450 rrsrruouru
669 397 719 452 nn
742 401 918 458 renuere.
1167 401 1212 465 85

382 539 575 608 Fridericus
590 545 632 608 de
648 543 702 610 Re
716 541 952 631 Accipitrariu.

152 653 312 720 Pelicani
327 657 387 740 qni
401 658 445 723 eb
459 656 607 744 Apuleio
620 661 779 729 dicuutur
789 665 911 732 cusani.

404 822 446 887 P.
460 823 632 889 Blesensis
648 823 758 910 Epist.
776 845 929 894 cxxxv.

152 949 287 1032 Cicero,
301 961 340 1019 et
353 953 532 1040 Apuleius,
545 964 581 1021 et
602 955 827 1041 Augustinus,
849 969 885 1029 et
898 961 1125 1049 Hieronymus
1140 973 1209 1038 tee-

108 1059 222 1120 entur
236 1057 314 1141 plus
328 1076 404 1122 csse
417 1057 561 1123 urrimem
574 1078 672 1143 quum
688 1078 821 1144 corpus.

533 1296 787 1334 Q

427 1503 701 1557 nncuurronuu
725 1505 894 1570 Antenor

254 1683 322 1750 DE
344 1683 558 1753 APULEIO
580 1686 799 1768 FJUSQUE
821 1690 1061 1761 OPERIBUS

511 1873 805 1952 dUDICIA·

119 2063 362 2135 Volaterranos
375 2067 597 2236 Anthologiu,¹
605 2072 666 2237 spui
680 2077 734 2137 est
755 2070 942 2138 Comment.
966 2071 1189 2151 Urbanorum,

598 2173 610 2236 i
635 2187 748 2238 .x111.

9 2367 10 2376 ἶ
108 2301 255 2369 Locrus
282 2303 483 2371 Aruuuus
507 2306 736 2390 Philosophus
767 2305 965 2372 Platonicus
986 2327 1005 2372 e
1026 2306 1204 2386 Madarra,

9 2393 10 2480 ᾗ
106 2405 236 2470 Airicae
257 2405 398 2488 oppido,
417 2411 544 2488 patrem
559 2405 678 2472 hebuit
692 2405 875 2487 Theseum,
889 2413 1028 2473 matrem
1045 2408 1205 2491 Selviern,

103 2514 146 2571 ut
166 2507 310 2590 ipsemet
323 2508 360 2571 in
375 2505 687 2592 Metamorphoseos
701 2508 797 2572 libris
811 2515 965 2575 testetur.
1009 2508 1150 2576 Athenis
1164 2513 1205 2577 li-

105 2609 236 2672 berales
246 2613 337 2672 artes
350 2614 539 2686 essecutus,
549 2607 708 2671 Platonis
719 2608 860 2674 decreta
869 2611 935 2674 sibi
945 2613 1206 2694 proposuitente

105 2711 218 2774 omniu
231 2709 404 2774 sectanda.
441 2707 634 2792 Omnigeuae
646 2709 697 2773 vir
706 2710 921 2792 eloquentiae,
934 2719 968 2774 et
981 2709 1146 2775 diversam
1161 2715 1205 2778 ab

104 2812 255 2896 antiquis
278 2811 453 2892 ingressus
474 2812 578 2890 usur,
593 2830 717 2875 novum
736 2809 867 2876 dicendi
895 2829 998 2893 genus
1029 2813 1204 2879 assumsit.

105 2911 150 2975 In
164 2913 277 2978 verbis
290 2912 376 2975 enim
384 2931 506 2991 novus,
515 2913 550 2975 in
560 2912 732 2978 sententiis
743 2914 872 2991 creber,
882 2912 918 2976 in
929 2912 1205 2980 translationibus

106 3013 230 3091 audax,
244 3014 280 3077 in
296 3013 481 3078 inventione
503 3019 634 3091 acutus,
658 3015 693 3077 iu
714 3013 901 3085 elocutione
916 3013 1040 3092 verius,
1054 3022 1091 3078 ut
1104 3015 1140 3077 in
1153 3016 1205 3097 ip·

107 3115 180 3178 sius
210 3114 371 3199 operibus
395 3109 475 3178 licet
502 3113 757 3197 deprehendere.
800 3113 889 3177 Nem
917 3113 1022 3177 libros
1052 3113 1204 3178 undecim

106 3212 426 3298 Metamorphoseos
437 3215 576 3302 scripsit
584 3214 625 3280 de
638 3213 747 3280 Asino
756 3212 884 3293 Aureo,
896 3213 1084 3278 Lucienum
1094 3213 1203 3280 imite-

107 3325 162 3382 tns
177 3315 383 3402 Sophistem,
397 3319 458 3380 tec.

195 3497 335 3582 Gespar
347 3497 510 3563 Burthius
524 3495 804 3563 Aeverserrorum
817 3495 876 3562 lib.
893 3509 980 3561 xix.
996 3495 1140 3582 capte.

149 3650 263 3728 Quem
288 3648 485 3732 scriptorem
513 3645 658 3711 emnium
685 3645 785 3711 nobis
812 3645 962 3710 maxime
984 3629 1122 3711 fecimus
1144 3647 1188 3712 ob

106 3753 247 3816 nexium
259 3771 269 3832 3
282 3747 355 3834 ejus
365 3755 562 3833 perpetuam
575 3747 831 3814 illustrationem
846 3746 924 3810 ideo
939 3746 984 3810 ad
999 3755 1131 3830 tempus
1145 3747 1202 3811 de·

107 3853 283 3929 sernimns,
304 3869 346 3914 ne
371 3869 455 3915 curu
471 3851 533 3915 illo
550 3846 636 3914 alins
658 3849 757 3913 nobis
778 3865 915 3931 prorsus
930 3845 1202 3928 interstingueret,

105 3956 163 4018 lec.
201 3952 406 4035 Scriptorem
417 3971 478 4016 nos
489 3951 584 4033 loqui
600 3948 872 4027 eruditissimum,
887 3945 1203 4030 ingeniosissimum,

108 4053 416 4136 eloquentissimum
439 4051 478 4116 L
501 4049 686 4134 Apuleium
703 4058 823 4115 norunt
842 4049 983 4113 sortasse
996 4046 1055 4130 qni
1069 4053 1202 4116 nosue·

109 4159 204 4219 cutus
215 4155 376 4220 hactenus
390 4153 614 4238 promulgatos
628 4167 694 4217 non
709 4149 940 4226 fastidierunt,
953 4150 1013 4212 etc.
