2914 4770
508 385 665 434 neuneu
691 385 797 436 vira.
1157 379 1198 443 17

94 525 195 592 nitas:
210 527 317 592 soluti
327 528 421 592 enim
429 529 519 606 vino,
531 535 566 593 ut
574 531 669 609 solet,
679 529 827 596 dicteriis
836 537 870 595 et
880 531 1008 598 salibus
1018 535 1197 605 ludebant:

94 629 177 694 uude
198 630 291 712 apud
307 629 505 696 Ciceronem
531 631 641 715 Epist.
664 632 706 696 ad
729 633 882 699 Paetum:
905 633 1116 702 ‘Nou‘multi
1129 641 1198 704 cibi

94 731 151 794 sed
160 732 236 814 joci
250 732 399 816 hospes!
436 733 772 818 Etsenexisteapud
784 734 944 800 Plautum
955 736 1085 804 Milite:
1110 741 1197 807 ‘Vel

94 833 270 898 cavillator
281 835 426 912 facetus,
439 837 492 900 vel
504 837 648 900 conviva
662 836 879 903 commodus.'
912 837 1012 920 Apul.
1025 840 1161 906 Metam.
1173 861 1197 907 r.

95 932 200 998 ‘Cibo
221 936 324 1013 satio,
347 936 474 1020 poculo
490 935 618 1020 mitigo,
631 935 757 1002 fabulis
769 938 982 1021 permulceo:
1000 938 1073 1022 jam
1088 942 1131 1005 ad
1146 944 1199 1008 lu-

93 1035 243 1100 bentium
257 1038 425 1120 proclives
445 1044 538 1104 erant
553 1057 723 1104 sermones
737 1045 771 1104 et
788 1039 872 1123 joci,
897 1041 1020 1105 scitum
1040 1047 1075 1106 et
1094 1045 1198 1110 cavil-

93 1137 181 1201 lum!
206 1139 285 1204 Lib.
312 1157 353 1205 11.
398 1141 497 1207 ‘Jam
511 1141 659 1224 epularis
674 1161 782 1206 sermo
797 1144 994 1226 percrebuit,
1015 1143 1088 1226 jam
1106 1148 1197 1213 risus

94 1239 244 1317 affluens,
267 1244 302 1306 et
318 1242 392 1324 joci
413 1243 572 1308 liberales
595 1250 629 1306 ct
651 1244 792 1308 cavillus
814 1243 892 1308 hino
914 1244 1015 1309 inde.'
1058 1244 1199 1313 Varium

95 1349 206 1405 autem
230 1342 484 1408 cavillationum
505 1363 629 1425 genus:
660 1352 699 1409 ut
721 1344 895 1411 Plutarch.
919 1345 1076 1430 Sympos.
1099 1365 1140 1412 ιι.
1163 1359 1199 1416 et

94 1441 248 1508 Macron.
264 1443 434 1509 Saturnal.
445 1461 510 1508 vrr.
526 1445 744 1527 saepiuscum
753 1447 954 1511 contumelia
963 1447 1104 1514 alterius
1116 1469 1198 1515 cou-

89 1544 266 1626 junctum:
290 1547 378 1612 unde
394 1546 539 1612 dissidia
551 1554 585 1612 et
600 1547 686 1612 rixae
701 1547 849 1614 obortae:
874 1547 950 1612 ideo
967 1549 1198 1632 prudentiores
1318 1575 1320 1580 ¹

95 1646 134 1710 ad
150 1649 360 1730 quaestiones
374 1649 568 1714 convivales
582 1648 760 1714 deflectere
774 1649 967 1713 maluerunt.
1012 1649 1198 1735 Utrumque

94 1757 325 1829 argumentum
361 1750 511 1833 Apuleio
541 1755 794 1834 pertractatum,
822 1757 857 1813 et
884 1750 949 1815 hoc
979 1752 1115 1834 quidem
1139 1755 1197 1818 lib.

94 1847 341 1928 Quaestionum,
367 1851 450 1916 illud
480 1871 559 1917 vcro
590 1851 819 1915 Ludicrorum.
865 1851 923 1917 Ita
940 1852 1084 1935 legimus
1106 1857 1198 1937 apud

94 1949 304 2031 Suetonium,
320 1954 443 2019 Caium
466 1954 643 2018 Melissunr
668 1951 932 2018 Grammatieum
947 1957 1199 2038 'conscripsisse

93 2053 197 2119 libros
220 2053 439 2137 Ineptiarunr,
463 2055 537 2120 sive
559 2054 721 2120 iocorum
745 2071 794 2117 or.
839 2055 909 2120 Sed
935 2056 1010 2139 ipse
1028 2058 1133 2123 Nonii
1147 2058 1198 2122 lo·

94 2175 151 2220 cus
167 2155 366 2239 cojuscojos
382 2155 549 2240 judicium
574 2157 682 2220 secuti
698 2174 816 2238 parom
831 2156 950 2239 probae
964 2155 1041 2222 fidei
1056 2158 1196 2224 videtur.

95 2254 212 2339 Neque
237 2258 327 2320 enim
350 2257 435 2321 satis
456 2264 574 2339 aperte
597 2255 746 2340 Apuleio
763 2255 867 2320 libros
891 2255 1109 2321 Ludicrorum
1125 2260 1197 2323 vin-

94 2356 191 2422 dicat.
239 2357 493 2441 Disputationis
517 2358 559 2421 de
578 2356 791 2439 AEsculapio,
813 2375 915 2440 quam
937 2356 1026 2439 apud
1050 2357 1197 2424 OEenses

13 2461 14 2540 ς
93 2460 257 2537 recitavit,
286 2461 323 2523 in
352 2457 525 2542 Apologia
553 2457 715 2522 meminit.
760 2457 899 2521 Librum
920 2456 964 2521 de
987 2456 1110 2522 Statua
1130 2461 1197 2526 sibi

94 2565 213 2637 erecta,
233 2561 269 2624 in
290 2575 360 2642 quo
380 2559 504 2640 gratias
527 2559 649 2640 agebat
667 2556 1009 2640 Carthaginiensibus
1025 2566 1062 2623 et
1075 2560 1198 2625 librum

94 2658 265 2744 Scipionis
282 2661 458 2724 AEmiliani
473 2660 660 2726 honoribus
675 2658 868 2722 dedicatum
883 2660 958 2742 ipse
973 2678 1108 2743 qnoque
1124 2663 1196 2725 lau-

94 2760 157 2825 dat
202 2761 374 2826 Praeterea
389 2760 585 2825 Orationem
604 2759 761 2840 vulgasse
782 2759 946 2824 adversus
961 2759 1197 2827 contradictio·

94 2881 166 2926 uem
188 2864 399 2945 quorundam
417 2863 556 2940 civium,
571 2861 613 2926 de
633 2861 755 2926 Statua
769 2859 859 2943 apud
876 2861 1024 2926 OEeuses
1041 2863 1196 2941 locanda,

96 2963 135 3026 D.
149 2965 241 3046 Aug.
257 2966 363 3028 testis.
409 2963 639 3045 Hermagoras
649 2959 798 3046 Apuleii,
817 2962 985 3044 Fulgentii
999 2970 1035 3028 et
1049 2963 1196 3030 Priscia-

94 3067 125 3129 ni
148 3070 333 3142 mentione,
358 3073 476 3131 notus:
499 3065 596 3148 cujus
625 3064 811 3146 argumenti
835 3064 945 3141 suerit,
970 3067 1108 3147 assequi
1129 3086 1197 3130 noa

93 3170 200 3249 potui.
240 3159 380 3250 Dialogi
395 3169 546 3251 speciem
559 3185 631 3249 prae
646 3183 683 3230 se
697 3165 781 3230 ferre
796 3164 937 3229 videtur.
983 3164 1161 3249 Inscriptio
1175 3189 1197 3233 a

94 3285 246 3349 persona,
270 3268 325 3333 cui
347 3275 463 3351 partes
482 3266 649 3350 loquentis
670 3265 817 3331 dederat.
863 3265 1146 3333 Tributusautem
1160 3269 1197 3334 in

95 3371 207 3452 plnres
224 3369 464 3452 Hermagoras
479 3371 667 3435 imitatione
681 3368 849 3446 Platonis,
858 3376 897 3433 ut
911 3387 956 3432 ex
967 3369 1054 3433 locis
1067 3389 1088 3433 a
1103 3370 1197 3435 Pris-

96 3473 190 3536 ciano
204 3472 321 3535 citatis
336 3471 505 3555 conjicere
519 3472 609 3536 licet.
650 3469 763 3550 Quam
785 3491 865 3536 vero
888 3471 977 3536 idem
1003 3472 1197 3537 Priscianus

94 3571 285 3656 Epitomam
305 3573 379 3656 ejus
399 3573 523 3650 laudet,
545 3573 683 3654 ignoro:
711 3573 778 3636 nisi
798 3571 840 3635 ad
862 3572 1074 3636 historiarum
1088 3573 1198 3655 epito-

94 3694 164 3738 men
180 3675 327 3752 referas3
350 3694 419 3757 quo
433 3679 468 3738 et
481 3674 590 3750 locus,
604 3691 704 3756 quem
719 3673 856 3757 profert,
871 3674 990 3738 ducere
1005 3672 1149 3751 videtur,
1164 3682 1197 3739 et

94 3775 147 3840 illa
162 3778 198 3840 in
214 3775 378 3840 Floridis:
403 3775 598 3840 ‘Historias
608 3777 779 3841 variarum
790 3795 909 3854 rerum,
920 3793 982 3840 nec
995 3794 1061 3839 nou
1075 3774 1196 3839 Dialo-

95 3896 149 3957 gcs
170 3877 328 3941 laudatos
352 3876 585 3960 philosophis?
628 3877 673 3943 Et
695 3877 768 3944 haec
791 3878 927 3961 quidem
948 3878 1062 3942 omnia
1075 3875 1197 3959 injuria

97 3978 254 4060 temporis
269 3977 383 4042 invida
398 3979 574 4043 molitione
590 3980 690 4046 nobis
706 3981 888 4045 subtraxit.
933 3980 1022 4043 Inter
1032 3978 1092 4042 illa
1102 3997 1195 4059 vero,

96 4097 167 4160 quae
185 4079 281 4143 velot
293 4097 339 4143 cx
355 4081 521 4145 communi
536 4081 691 4146 incendio
709 4087 889 4159 reservata,
905 4082 1006 4163 primi
1021 4090 1196 4148 occurrunt

100 4179 415 4262 Metamorphoseon
436 4183 512 4249 libri
536 4199 598 4246 sno
615 4181 690 4265 jure
705 4185 849 4268 primum
862 4184 974 4246 locum
988 4185 1194 4268 occupaturi,

160 4297 279 4358 Denter
296 4297 352 4347 Ver.
363 4299 429 4347 ctae.
614 4299 686 4364 Apul.
1105 4299 1129 4348 B
