2914 4770
217 303 261 368 28
514 311 749 360 'llis'tlntoNtA
777 311 827 359 nu
851 310 1029 362 neunnro.

477 483 698 548 Marcellinus
710 481 753 547 ad
770 481 1064 566 D.Augustinum.

265 601 335 668 Sed
351 608 459 668 tamen
475 601 573 666 etiam
590 621 652 683 ego
674 601 708 664 in
733 601 797 665 hae
822 609 930 684 parte,
955 603 1035 686 quia
1057 603 1210 685 plurimis
1234 604 1330 685 quic-

220 705 302 790 quid
319 703 530 788 rescripseris
545 703 753 786 proiuturum
769 721 846 766 esse
862 702 1006 780 confido,
1025 711 1189 786 peccator
1213 723 1331 768 acces·

219 810 335 888 scrim3
358 813 394 870 ut
416 805 503 870 adeo
528 805 719 888 vigilantius
742 805 945 888 respondere
971 790 1130 886 digner'iS,
1145 806 1178 869 in
1202 805 1330 888 quibus

219 911 303 976 nihil
333 911 427 976 aliud
457 909 650 986 Dominum,
672 927 774 993 quam
798 910 858 974 alii
884 910 1037 975 homines
1067 911 1177 976 facere
1207 915 1328 992 potue·

219 1021 310 1091 runt,
325 1013 445 1078 secisse
460 1011 512 1074 vel
534 1011 657 1092 legisse
671 1011 874 1074 mentiuntur
891 1033 898 1075 :
923 1010 1142 1094 Apollonium
1158 1009 1329 1094 siquidem

220 1135 318 1178 suum
333 1115 443 1192 nobis,
467 1120 501 1178 et
517 1111 711 1194 Apuleium,
731 1112 883 1195 aliosque
904 1111 1053 1194 Magicae
1069 1115 1152 1176 artis
1172 1111 1329 1176 homines

219 1217 256 1280 in
272 1215 417 1279 medium
433 1215 621 1301 proferunt,
637 1233 777 1297 quorum
800 1213 930 1297 majora
944 1215 1155 1278 contendunt
1169 1214 1329 1278 extitisse

219 1317 392 1382 miracula.

458 1454 502 1518 D.
521 1450 727 1536 Augustinus
743 1452 786 1516 ad
802 1453 909 1530 illum,
922 1451 1029 1536 Epist.
1044 1472 1078 1518 v.

264 1569 354 1650 Quis
370 1577 482 1636 autem
496 1573 552 1636 vel
568 1574 638 1635 risu
653 1572 791 1654 dignum
816 1591 881 1636 nen
905 1577 1012 1657 putet,
1035 1572 1126 1654 quod
1149 1569 1330 1654 Apolloni·

220 1691 288 1750 um,
305 1679 338 1736 et
351 1670 549 1755 Apuleium,
566 1680 772 1770 'ceterosque
796 1677 916 1739 artium
939 1674 1146 1756 Magicarum
1161 1672 1329 1758 peritissi-

217 1792 290 1838 mos
304 1775 449 1848 conferre
460 1774 604 1854 Christo,
622 1776 675 1840 vel
689 1775 790 1839 etiam
805 1775 964 1858 praeferre
979 1775 1169 1842 conanturi

578 1929 581 1936 ’
688 1934 734 1998 Et
748 1942 850 2020 post:

266 2069 431 2152 Apuleius
454 2071 552 2148 enirn,
583 2078 622 2135 ut
648 2072 691 2136 de
714 2071 774 2136 illo
805 2072 1019 2156 potissimum
1047 2073 1241 2156 loquamur,
1265 2070 1326 2150 qui

218 2171 320 2236 nobis
341 2170 436 2237 Afris
451 2169 536 2236 Afer
549 2175 670 2252 notior,
687 2193 751 2238 non
775 2175 851 2240 dico
874 2174 918 2238 ad
941 2193 1090 2258 regnum,
1114 2175 1175 2238 sed
1199 2192 1264 2237 nec
1283 2173 1328 2235 ad

220 2273 370 2356 aliquam
385 2273 522 2356 quidem
533 2273 752 2356 judiciariam
766 2281 976 2358 potestatem
991 2294 1069 2340 cum
1083 2276 1239 2340 omnibus
1253 2273 1328 2337 suis

221 2373 368 2456 Magicis
381 2376 509 2439 artibus
525 2377 636 2458 potuit
650 2378 842 2459 pervenire:
865 2374 1008 2440 honesto
1020 2377 1139 2460 patriae
1163 2395 1236 2439 suae
1249 2374 1328 2438 loco

220 2484 333 2556 natuS,
348 2483 381 2542 et
395 2477 578 2542 liberaliter
591 2478 765 2556 educatus,
779 2498 967 2561 magnaque
989 2478 1152 2562 praeditus
1167 2479 1328 2560 eloquen-

220 2581 278 2646 tia.
322 2579 379 2643 Au
404 2582 487 2645 torte
511 2579 588 2658 ista,
613 2585 649 2644 ut
673 2578 916 2662 Philosophus,
938 2579 1110 2643 voluntate
1137 2579 1327 2656 contemsit,

218 2682 276 2768 qni
291 2683 451 2748 sacerdos
468 2682 659 2748 Provinciae
674 2700 736 2766 pro
752 2701 873 2764 magno
887 2682 971 2762 tuit3
992 2690 1032 2746 ut
1046 2685 1184 2746 mune'ra
1199 2681 1328 2758 ederet,

219 2791 463 2867 venatoresque
490 2785 639 2862 vestiret,
678 2792 712 2848 et
747 2803 810 2867 pro
834 2789 945 2848 statua
971 2783 1037 2848 sibi
1059 2783 1151 2866 apud
1180 2781 1327 2846 OEcnses

218 2884 375 2961 locanda,
387 2903 432 2948 ex
447 2903 516 2967 qua
530 2885 665 2950 civitate
680 2885 825 2950 habebat
843 2906 996 2964 uxorem,
1014 2886 1177 2951 adversus
1194 2891 1326 2949 contra·

220 2985 400 3051 dictionem
416 2983 624 3069 quorundam
649 2983 774 3051 civium
799 2986 964 3068 litigareti
987 2986 1088 3064 Quod
1110 2995 1267 3070 posteros
1283 3007 1325 3050 ne

217 3088 348 3166 lateret,
374 3087 523 3172 ejusdem
546 3087 617 3152 litis
648 3086 843 3152 Orationem
869 3089 1028 3171 scriptam
1050 3088 1218 3154 memoriae
1233 3108 1325 3152 cern·

217 3188 402 3254 mondavit.
448 3188 553 3266 Quod
568 3209 645 3271 ergo
666 3189 710 3253 ud
725 3191 828 3254 istam
843 3195 1005 3254 terrenam
1021 3189 1165 3272 pertinet
1179 3189 1325 3254 felicita-

218 3295 297 3367 tem,
311 3289 378 3353 fuit
399 3309 540 3372 magnus
554 3290 665 3372 quoad
689 3291 815 3386 potnit.
861 3289 959 3356 Unde
982 3296 1123 3372 apparet
1145 3309 1221 3353 eum
1244 3289 1325 3354 nihii
1442 3341 1443 3364 ,

220 3391 365 3474 amplius
404 3391 522 3470 fnisse,
559 3409 628 3456 non
666 3394 746 3476 quie
771 3393 891 3470 noluit,
916 3393 976 3457 scd
1006 3392 1087 3475 quia
1109 3410 1172 3455 non
1202 3392 1324 3474 potuit.

221 3490 425 3575 Quanquam
442 3498 477 3557 et
492 3490 656 3558 adversus
672 3492 848 3578 quosdam,
863 3494 921 3577 qui
931 3495 963 3558 ei
979 3493 1186 3575 Magicarum
1202 3493 1323 3556 artium
1351 3491 1357 3504 “

219 3593 345 3662 crimen
359 3592 579 3673 intenderant,
596 3594 867 3680 eloquentissime
881 3613 919 3660 se
935 3593 1097 3659 defendit.

450 3776 547 3844 Idem
561 3778 604 3843 ad
619 3779 834 3863 Deogratias,
848 3779 959 3864 Epist.
976 3795 1090 3846 xuni.

263 3913 308 3980 Et
320 3921 434 3979 tamen
449 3914 479 3978 si
498 3915 575 3992 hoc,
603 3915 693 3997 qnod
716 3917 759 3980 de
780 3915 804 3980 J
806 3935 873 3982 ona
893 3917 1053 4000 seriptum
1071 3923 1137 3994 est,
1153 3915 1324 4001 Apuleius

221 4012 467 4093 Madaurensis,
477 4015 531 4079 vel
543 4015 747 4098 Apollonius
758 4016 1045 4102 Tyaneusfecisse
1055 4018 1226 4097 diceretur,
1239 4040 1324 4102 quo-

218 4133 289 4180 rum
300 4115 493 4183 multamira
503 4115 597 4182 nulle
606 4114 697 4182 fideli
706 4123 841 4184 auctore
848 4117 1016 4204 Jactitant,
1026 4120 1181 4202 quamvis
1196 4126 1230 4186 et
1241 4121 1324 4188 Dae·
