2914 4770
401 363 634 412 rns'rrrrours
660 342 915 416 nn'arunaro.
1167 351 1210 416 81

454 506 548 576 Idem
562 507 620 572 lib.
636 522 708 572 xrr.
723 521 801 590 cap.
813 508 868 572 10.

149 599 246 673 Unde
258 613 294 673 et
308 606 489 692 Apuleius,
506 628 582 678 curu
599 607 665 672 boe
681 608 901 673 animantium
916 627 1020 691 genus
1032 609 1210 678 describit:

106 709 331 794 ‘Sigrllatim,’
345 711 466 795 inquit,
486 712 679 789 ‘mortales
698 711 845 775 cunctim
861 717 972 776 tamen
986 711 1141 778 universo
1155 734 1211 798 ge·

107 829 184 876 nare
197 811 381 897 perpetui!

425 940 519 1006 ldenr
534 941 593 1005 lib.
611 957 725 1005 xvrrr.
739 960 815 1024 cap.
831 940 885 1006 18.

147 1053 242 1120 Nam
258 1060 292 1120 et
303 1073 379 1134 nos,
400 1075 640 1123 cumessemus
654 1056 819 1136 initalia,
835 1058 1054 1123 audiebamus
1070 1059 1154 1124 talia
1168 1060 1211 1126 de

105 1156 255 1238 quadam
269 1157 405 1239 regione
418 1159 552 1222 illarum
566 1159 709 1243 pattinm
725 1180 735 1224 ε
757 1160 818 1224 ubi
834 1161 1039 1225 stabularias
1053 1161 1211 1226 mulieres

105 1257 253 1324 imbutas
280 1261 336 1324 bis
357 1259 456 1325 melis
480 1261 609 1326 artibus
639 1262 673 1324 in
693 1279 795 1340 caseo
826 1260 904 1325 dare
926 1261 1032 1326 solere
1053 1261 1212 1327 dicebant

107 1360 230 1442 quibus
259 1360 386 1425 vellent
412 1380 473 1425 seu
494 1367 635 1445 possent
659 1361 860 1439 viatoribus,
882 1363 970 1428 nude
995 1363 1030 1427 iu
1054 1363 1212 1447 jumenta

105 1460 195 1526 illico
210 1469 427 1541 verterentur,
439 1471 474 1528 et
493 1464 685 1528 necessaria
701 1481 845 1548 quaeque
867 1471 1051 1546 portarent,
1066 1473 1211 1551 postque

106 1563 281 1644 perfuncta
295 1567 531 1648 operaiterum
556 1563 599 1628 ad
624 1583 660 1628 se
687 1562 852 1628 redirent:
884 1583 947 1628 nec
968 1571 1078 1630 tamen
1103 1567 1139 1628 in
1160 1567 1211 1631 eis

106 1671 248 1730 urentem
263 1665 337 1731 fieri
359 1666 549 1744 bestialem,
566 1666 626 1732 sed
649 1665 848 1732 rationalem
866 1666 1114 1750 humanamque
1141 1685 1213 1730 ser·

106 1767 187 1830 ruri.
244 1767 341 1835 Sicut
362 1769 528 1852 Apuleius
551 1770 715 1845 inlibris,
746 1787 834 1853 quos
855 1767 955 1833 Asini
977 1768 1085 1834 Aurei
1111 1770 1210 1836 titulo

107 1868 292 1952 inscripsit,
307 1870 456 1954 sibiipsi
478 1870 660 1948 accidisse,
682 1877 723 1935 ut
743 1874 884 1954 accepto
906 1889 1046 1948 veneno,
1067 1870 1211 1936 hnmano

108 1971 219 2034 animo
230 1981 457 2054 permanente,
469 1973 585 2038 asinus
598 1972 706 2050 fieret,
723 1977 778 2038 ent
788 1972 964 2057 judicavit
976 1979 1034 2038 aut
1048 1971 1159 2038 fiuxit.

453 2161 505 2232 Εἲς
514 2156 662 2235 ’Arcadios
675 2154 882 2243 Χριστοδῶρον.

239 2275 299 2339 Καὶ
313 2279 401 2362 serpis
414 2273 569 2362 ἅφθηντα
581 2275 725 2352 :lareribus
740 2273 826 2362 ὄργια
841 2273 957 2352 Μούσης

228 2378 331 2456 'Atera
345 2375 508 2442 παπταίνων
520 2379 678 2456 'Arcadica
692 2376 784 2442 ὅντινα
798 2376 908 2460 μύστην

234 2477 352 2551 Αὐσονὶς
366 2477 484 2564 &fidicen
501 2477 598 2563 σοφίης
612 2477 782 2566 ἆννθρέψατν
798 2479 907 2566 Serpit.

191 2592 265 2658 ‘Et
278 2594 514 2660 intellectualis
530 2596 698 2660 taciturna
713 2595 846 2661 Latinae
862 2595 968 2678 Orgia
984 2593 1099 2658 Mese

192 2694 337 2759 Celebat
347 2696 519 2779 inquirens
534 2694 717 2778 Apuleius,
733 2713 831 2780 quem
848 2695 1066 2760 Sacerdotem

192 2792 347 2862 Ausonia
360 2816 493 2864 arcuum
509 2799 688 2882 sapienties
704 2799 845 2864 nutrivit
858 2793 975 2864 Siren!

258 2980 510 3049 Commentetor
521 2991 622 3048 vetus
637 2982 774 3049 Horatii
790 2983 833 3050 ad
855 2982 968 3067 Epod.
986 2997 1051 3046 XV.

148 3113 259 3180 Simili
281 3115 507 3182 modoetiam
530 3114 702 3200 Apuleius
724 3116 842 3181 scribit
865 3115 920 3179 De
946 3113 1056 3178 Asino
1082 3109 1210 3191 Aureo,

109 3219 253 3282 animam
268 3237 365 3282 snam
378 3217 484 3283 luisse
498 3219 533 3282 in
548 3237 689 3302 corpore
701 3218 800 3295 asini,
819 3216 1080 3299 meminisseque
1096 3233 1135 3280 se
1151 3214 1209 3280 de-

109 3319 243 3384 vexisse
258 3318 402 3403 plurima
416 3326 590 3402 segmenta
602 3325 637 3384 et
652 3337 755 3384 onera
770 3319 805 3383 in
820 3317 1015 3402 AEgyptum.

321 3501 523 3570 Macrobius
538 3503 704 3569 Satnrnel.
719 3503 779 3568 llb.
797 3515 863 3566 νιν.
879 3520 956 3584 cap.
970 3500 1002 3566 3.

150 3635 236 3702 Cum
265 3657 345 3721 ergo
374 3638 505 3716 videas,
542 3639 588 3702 mi
618 3635 769 3716 Aviene3
806 3633 1015 3700 instituenda
1043 3636 1096 3696 est
1119 3632 1208 3696 enirn

110 3739 335 3804 adolescentia
345 3745 415 3818 tua,
427 3758 505 3822 quae
516 3739 564 3804 ita
575 3738 697 3802 docilis
706 3745 772 3815 est,
782 3745 820 3801 ut
836 3734 999 3801 discendo
1010 3733 1209 3818 praecipiat3

110 3859 184 3904 curn
200 3840 330 3919 videas,
342 3841 491 3925 inquam,
507 3859 635 3923 anceps
645 3857 744 3904 omne
758 3857 833 3902 esse
848 3844 1071 3902 scommatum
1086 3850 1211 3913 geuus3

111 3942 238 4008 suadeo
260 3943 297 4008 in
320 3943 501 4020 conviviis,
529 3941 566 4005 in
591 3941 715 4025 quibus
739 3939 882 4005 Laetitiae
903 3935 1115 4003 insidiabitur
1140 3930 1210 4010 Ira,

111 4045 150 4108 ab
166 4044 335 4129 ejusmodi
357 4044 459 4109 dictis
481 4044 648 4108 lacessas:
671 4047 705 4107 et
725 4043 833 4125 magis
848 4035 1062 4106 Convivieles
1087 4032 1210 4114 Quaes-

113 4146 219 4210 tiones
248 4145 304 4209 rel
332 4163 512 4230 proponas,
548 4143 600 4208 rel
633 4145 709 4227 ipse
738 4141 917 4208 dissolvas.
971 4133 1072 4214 Quod
1102 4155 1208 4220 genus
