2914 4770
514 379 670 430 erutum
694 381 794 431 vrrs.
1161 369 1203 434 ll

103 527 325 592 doctissimas
347 525 411 591 Vir
437 525 579 591 Fulvius
611 524 756 592 Ursinus
786 529 976 610 expressit:
1009 546 1202 612 quanquam

103 630 233 693 illarum
255 628 357 693 fidem
376 633 501 692 certam
523 627 710 709 probarunt
730 626 869 710 Apuleii
890 636 1118 705 accusatores,
1143 631 1202 713 qui

103 731 217 794 vultus
232 729 482 806 liberalitatem,
491 729 635 812 capillos
646 728 823 806 delicatos,
831 735 936 812 atque
947 731 990 795 ad
1001 732 1201 796 lenocinium

103 831 235 896 decoris
250 831 448 914 promissos,
467 830 676 915 nimiumque
690 828 775 894 adeo
790 831 1025 897 munditiarum
1040 833 1202 909 studium,

101 941 261 1016 tanquam
286 933 438 1009 crimina,
454 933 692 997 intenderunt:
715 949 858 1015 qnorum
880 932 963 997 nihil
985 933 1158 998 fastidiose
1181 953 1204 999 a

102 1053 137 1098 se
151 1035 282 1118 spernit
295 1031 492 1116 Apuleius3
519 1032 581 1098 sed
604 1040 804 1115 pervenusta
827 1043 864 1097 et
889 1034 1032 1116 eleganti
1052 1035 1204 1099 oratioue

101 1135 220 1201 isthaec
244 1136 358 1199 omnia
387 1143 583 1217 competere
620 1132 831 1216 Philosopho
854 1134 1014 1199 ostendit.
1057 1133 1101 1198 Et
1126 1153 1203 1200 vere

100 1236 241 1322 qnidam
255 1237 460 1302 conveniens
473 1235 692 1319 Philosopho,
706 1237 790 1300 nihil
809 1236 845 1300 in
860 1255 898 1300 se
916 1235 1100 1312 sordidum,
1119 1235 1203 1301 nihil

101 1340 307 1404 immundam
323 1339 407 1421 pati,
423 1335 523 1422 plane
537 1337 637 1402 etiam
652 1338 846 1415 absurdum,
859 1344 893 1403 et
901 1339 944 1402 ab
958 1339 1047 1402 omni
1072 1339 1203 1404 ratione

101 1442 261 1517 alienum,
276 1447 313 1506 ut
328 1442 370 1518 is,
388 1440 446 1523 qui
461 1439 616 1504 eoelestia
637 1445 671 1504 et
693 1445 820 1505 aeterna
836 1441 1090 1524 contemplator,
1106 1459 1202 1524 spur·

101 1563 158 1608 cns
183 1551 220 1608 et
242 1541 396 1626 pollutus
420 1541 565 1619 incedat,
587 1559 672 1625 pnra
698 1546 733 1606 et
757 1541 946 1626 incorrupta
971 1543 1203 1610 attrectatione

100 1648 277 1712 maculosa
291 1646 502 1712 contaminet.
548 1646 771 1729 ingenuarum
790 1647 912 1710 artium
933 1645 1055 1711 studiis
1069 1665 1203 1730 semper

100 1751 245 1827 deditus,
280 1767 394 1813 earnm
424 1747 517 1813 cultu
539 1765 670 1810 ornnem
702 1752 836 1812 aetatem
865 1748 1037 1830 transegit.
1077 1747 1203 1814 Primis

101 1853 253 1934 pueritiae
268 1851 366 1916 annis
381 1848 492 1914 sedem
507 1868 550 1914 ac
564 1849 757 1931 magistram
770 1849 952 1914 studiorum
967 1847 1200 1932 Carthaginem
1335 1913 1338 1920 ,

7 1937 11 2010 i
97 1951 337 2035 hahuit,qnam
351 1956 475 2034 postea
496 1948 650 2016 Athenas
663 1950 845 2016 banstulit.
889 1949 972 2016 Inde
988 1948 1199 2032 Carthagini·

99 2067 195 2119 enses
216 2059 372 2136 parentes
394 2071 477 2118 snos
500 2071 541 2118 ac
563 2051 691 2136 primos
713 2051 890 2134 magistros
913 2052 1071 2116 celebrat.
1115 2049 1200 2116 Inda

100 2155 266 2236 gloriatur,
276 2173 314 2217 se
329 2152 400 2217 illis
416 2157 494 2218 ‘nec
506 2153 576 2218 lare
586 2153 813 2230 alienum,neo
823 2153 968 2238 pueritia
978 2153 1199 2231 invisitatum,

99 2275 158 2320 nec
172 2255 343 2337 magistris
358 2255 581 2338 peregrinum,
595 2274 659 2320 nec
682 2263 778 2321 secta
799 2255 1015 2338 incognitum,
1038 2274 1098 2320 nec
1115 2273 1201 2320 voca

99 2356 294 2435 inauditum,
308 2376 371 2423 nec
384 2358 480 2423 libris
493 2357 666 2436 illectnm3
688 2361 813 2422 sectam
829 2355 971 2422 Athenis
979 2355 1108 2422 Atticis
1119 2342 1216 2422 con·'

99 2457 287 2537 firmatam,'
309 2457 498 2543 Carthagini
513 2479 592 2526 vero
614 2455 852 2524 ‘inchoatam’
897 2458 1087 2524 Platonicae
1110 2459 1200 2524 enirn

99 2559 235 2625 familiae
260 2577 382 2623 nomeu
396 2561 499 2638 dedit,
525 2562 624 2645 eique
642 2560 766 2625 divinae
789 2563 892 2625 sectae
919 2579 957 2624 se
979 2561 1199 2644 transcripsit,

99 2659 377 2743 quampraeclara
401 2661 526 2744 ingenii
544 2661 763 2725 monumentis
785 2662 974 2740 exornavit,
994 2668 1042 2737 nt,
1060 2661 1200 2745 veljore

100 2762 247 2843 quodam
262 2761 446 2845 Praecipui,
455 2762 667 2826 Platonicus.
711 2761 819 2827 Petiit
833 2761 953 2826 deinde
967 2761 1200 2839 Romamubi

99 2864 445 2930 ‘adrenastndiornm
459 2863 667 2943 Quiritium,'
681 2865 729 2929 ita
743 2865 829 2930 enim
844 2865 971 2941 scribit,
985 2863 1199 2946 ‘indigenum

101 2983 295 3042 sermonem,
310 2964 404 3029 nullo
416 2964 583 3048 Magistro
597 2973 783 3048 praeeunte,
798 2963 969 3030 excoluit!
990 2963 1074 3029 Eam
1089 2973 1199 3030 tamen

100 3069 252 3149 peritiam
264 3067 407 3150 Linguae
425 3067 558 3132 Latiuae
574 3078 609 3133 et
629 3068 722 3132 Juris
738 3066 924 3146 Quiritium
944 3072 1121 3131 assecmns
1136 3072 1199 3144 est,

99 3173 321 3234 utcausarnm
336 3153 513 3250 patronum
531 3175 654 3250 ageret,
670 3174 705 3231 et
716 3167 885 3250 stipendio
900 3165 1026 3230 sorensi
1041 3173 1198 3233 mereret.

101 3267 206 3348 Unde,
223 3289 301 3335 cum
316 3271 420 3335 sacris
442 3270 643 3356 desponsus,
666 3276 699 3336 et
720 3269 881 3334 tenuitate
902 3267 1082 3352 impeditus
1096 3275 1198 3348 esset,

99 3375 277 3455 quominus
313 3373 357 3437 iis
387 3372 580 3450 traderetur,
608 3373 673 3437 hoc
704 3369 817 3435 stadio
839 3369 1041 3435 sufficientes
1071 3370 1197 3436 snmtni

98 3489 249 3537 nummos
271 3474 462 3557 acquisivit.
507 3471 608 3548 Nam,
625 3471 688 3537 etsi
702 3471 849 3554 Apuleio
865 3478 900 3535 et
920 3470 1015 3535 fratri
1030 3471 1198 3536 cohaeredi

99 3575 251 3640 relictum
274 3592 295 3638 a
319 3581 414 3658 patre
439 3573 512 3639 HS.
537 3575 657 3652 vicies,
674 3580 783 3639 tamen
798 3572 993 3656 patrimonii
1018 3573 1108 3638 vires
1134 3573 1197 3637 im-

99 3695 212 3758 pensae
225 3677 518 3760 peregrinationes,
532 3678 659 3742 crebrae
673 3675 904 3753 liberalitates,
919 3681 955 3739 et
976 3674 1107 3740 diutina
1124 3682 1198 3740 stu-

99 3777 151 3843 dia
164 3798 233 3843 non
248 3797 366 3862 parurn
383 3779 587 3856 attriverant,
603 3799 667 3844 nec
682 3784 811 3846 voretur
820 3778 852 3840 in
862 3795 1021 3842 consessu
1032 3777 1055 3841 J
1058 3777 1195 3840 ndieum

99 3886 132 3944 et
150 3880 345 3965 frequentia
360 3880 548 3946 auditorum
567 3881 719 3960 animose
735 3878 868 3944 dicere:
891 3876 1109 3944 ‘Amicorum
1125 3875 1196 3958 ple-

99 3981 210 4066 risque
222 4001 326 4066 opem
342 3981 417 4061 tuli,
432 3987 467 4047 et
485 3983 652 4064 magistris
667 3981 820 4064 plurimis
835 3979 972 4062 gratiam
986 3977 1095 4054 retuli,
1109 3973 1196 4060 q'uo-

99 4083 234 4150 mndarn
256 4085 359 4149 etiam
380 4085 469 4151 filias
492 4085 572 4150 dote
594 4085 698 4163 auxi3
720 4081 935 4166 nequeenim
966 4077 1193 4159 dubitassem,

99 4187 148 4250 rel
161 4186 349 4252 universnm
361 4187 595 4271 patrimonium
605 4185 802 4272 impendere,
818 4189 856 4247 ut
872 4181 1092 4265 acquirerem,
1103 4183 1194 4266 qnod
