2914 4770
247 341 290 406 16
657 359 814 408 avuuurr
841 361 942 412 vrrs.

128 555 135 572 .
248 511 339 571 certe
356 525 392 570 sc
409 505 550 589 peritum
565 505 796 569 etstudiosum
811 513 995 588 memorat3
1013 507 1098 572 unde
1114 513 1150 571 et
1160 461 1350 574 Themison

249 605 407 671 Medicus
422 605 589 674 mulierem
604 607 720 670 morbo
735 609 895 673 comitiali
907 609 1101 674 infestatam
1115 609 1251 673 domum
1263 611 1350 695 ejus,

248 715 288 772 ut
303 709 496 792 inspiceret,
512 708 661 773 deduxit.
699 709 856 776 Medicus
871 710 973 792 igitur
987 709 1175 795 Apuleius3
1197 711 1258 775 sed
1274 711 1351 776 Me-

247 810 346 874 dicus
362 809 601 892 Philosophus,
616 810 675 891 qui
697 829 762 874 nou
785 817 853 875 tam
875 810 1025 876 curando
1047 813 1178 889 morbo,
1194 819 1235 876 ut
1248 831 1352 879 accu-

247 919 375 976 satores
390 911 566 988 tinxerant,
583 927 685 995 quam
698 916 734 975 ut
750 911 858 976 morbi
871 931 1015 1002 ¹causam
1029 913 1215 996 indagaret,
1230 915 1350 978 mulie-

246 1033 315 1078 rem
331 1013 375 1078 ad
390 1033 427 1078 se
442 1012 583 1096 perduci
598 1031 740 1095 passus;
764 1011 854 1096 quod
869 1013 942 1078 fieri
955 1012 1103 1091 solitum,
1122 1015 1155 1102 iu
1170 1013 1350 1078 Commen-

246 1116 332 1179 tario
357 1114 399 1178 de
422 1113 619 1196 Disciplinis
641 1112 768 1176 Priscis
789 1114 927 1178 nomba.
971 1113 1178 1180 Obversatur
1198 1116 1284 1180 liber
1305 1117 1350 1180 de

248 1213 376 1279 Herhis
388 1214 534 1299 Apuleio
545 1214 738 1298 inscriptus,
752 1215 839 1280 salso
850 1215 928 1280 huic
937 1215 1117 1282 Platonico
1128 1215 1349 1283 Madaurensi

247 1317 461 1396 assignatus:
484 1316 545 1381 sed
560 1315 685 1380 eruditi
705 1333 877 1380 erroneum
895 1317 1059 1399 scriptum
1076 1313 1226 1399 Apuleio
1244 1316 1349 1382 Celso

247 1415 387 1482 Medico
408 1416 590 1494 vindicant,
614 1435 716 1498 quem
738 1415 935 1482 Scribonius
960 1418 1090 1500 Largus
1104 1425 1348 1502 praeceptorem

246 1537 345 1582 suum
359 1518 485 1597 laudat,
499 1525 535 1585 et
550 1517 734 1583 Marcellus
754 1519 841 1582 inter
862 1517 1044 1584 Medicinae
1059 1525 1217 1584 auctores
1231 1539 1349 1585 recen·

247 1625 310 1686 set.
341 1618 546 1684 Phaedonem
562 1619 717 1683 Platonis
732 1616 913 1702 Apuleium
927 1620 1141 1685 transtulisse
1151 1639 1196 1685 ex
1210 1621 1348 1700 Graeco,

246 1718 407 1783 Sidonius
422 1727 458 1784 et
473 1719 667 1783 Priscianus
682 1718 866 1804 prodidere.
912 1719 967 1785 De
978 1721 1154 1804 republica
1166 1723 1348 1806 scripsisse

247 1819 418 1903 Fulgentii
427 1821 622 1886 testimonio
632 1827 777 1886 constat.
800 1820 853 1886 De
863 1821 1023 1887 Numeris
1031 1821 1142 1907 ipsum
1154 1821 1276 1888 Latine
1286 1825 1348 1889 do·

245 1921 356 1986 cuisse
379 1921 606 1988 Cassiodorus
628 1929 662 1988 et
683 1923 840 1988 Isidorus
855 1924 999 1989 uadunt
1041 1924 1227 1988 'l'ranstulit
1243 1925 1347 1990 etiam

246 2021 449 2088 Nicomachi
463 2021 731 2102 Arithmeticam,
742 2032 780 2090 ut
792 2045 838 2089 ex
851 2024 972 2089 eodem
981 2024 1190 2090 Cassiodoro
1201 2031 1347 2105 constat,

245 2125 304 2208 qui
319 2126 407 2190 etde
424 2125 561 2192 Musica
573 2127 666 2192 illum
682 2127 802 2192 Latine
818 2125 995 2209 scripsisse
1010 2134 1206 2192 auctorest
1230 2127 1347 2192 Philo—

244 2225 345 2309 lcgici
360 2247 437 2293 veru
452 2229 635 2311 argumenti
652 2229 901 2311 quamplurima
927 2227 1151 2311 conseripsit:
1177 2226 1349 2294 Poimata

244 2327 342 2392 varia
362 2335 397 2393 et
422 2330 584 2412 plurimas
609 2329 882 2393 Dissertatioues.
917 2328 1168 2412 Epigrammata
1182 2332 1348 2395 amatoria

245 2427 397 2494 Ausonio
412 2430 563 2509 laudata,
587 2429 728 2495 Carmen
742 2431 784 2495 de
798 2427 995 2494 Virtutibus
1013 2430 1182 2512 Scipionis
1197 2429 1347 2515 Orphiti,

245 2529 403 2613 Hymnus
423 2532 623 2615 AEsculapio
646 2533 823 2598 dedicatus
848 2533 971 2599 Graeco
992 2539 1027 2598 et
1050 2533 1170 2600 Latino
1197 2555 1347 2600 sermone

245 2633 469 2716 conscriptus,
486 2633 568 2698 item
590 2634 758 2716 Dialogus
774 2634 913 2718 Hymno
928 2635 1104 2718 praefixus,
1119 2637 1227 2720 ipsius
1249 2639 1348 2701 testi—

244 2733 358 2796 monio
384 2741 476 2798 uota.
522 2734 751 2818 Epistularum
774 2736 817 2800 ad
845 2735 1021 2802 Cerelliam
1051 2738 1140 2802 idem
1170 2737 1346 2802 Ausonius

241 2833 409 2909 meminit,
429 2851 514 2915 quas
537 2835 729 2898 laseivioris
751 2839 937 2918 argumenti
960 2839 1067 2904 fnisse
1092 2845 1243 2922 apparet.
1288 2838 1347 2902 Li-

243 2933 341 2996 brum
364 2933 405 2997 de
428 2934 624 2998 Proverbiis
647 2935 830 3000 secundum
851 2937 969 3003 laudat
989 2938 1172 3004 Charisius.
1217 2939 1346 3006 Convi-

243 3032 339 3097 vales
348 3031 578 3112 Quaestiones,
587 3035 802 3118 plurimorum
812 3039 1009 3104 auctoritate
1022 3040 1134 3118 clarae,
1143 3041 1240 3124 cujus
1248 3060 1346 3124 argu·

106 3199 108 3203 .
242 3137 348 3200 menti
361 3133 494 3213 fuerint,
509 3135 664 3218 colligere
678 3135 758 3200 licet
778 3155 824 3200 ex
845 3136 1035 3216 Macrobic,
1050 3141 1107 3222 qui
1123 3140 1345 3208 Plutarchum

243 3235 393 3318 ejusdem
419 3237 603 3318 argumenti
619 3236 723 3300 libros
745 3239 921 3320 reliquisse
943 3239 1058 3304 tradit.
1103 3241 1183 3319 Quo
1206 3246 1346 3326 pertinet

244 3335 337 3418 quod
363 3336 399 3398 in
428 3335 573 3400 Floridis
594 3336 751 3418 legimus:
783 3335 962 3420 Apuleium
986 3343 1167 3425 scripsisse
1195 3345 1343 3428 griphos.

244 3435 354 3501 Moris
367 3437 453 3500 euim
469 3436 533 3501 fuit
554 3435 682 3525 γρίφους,
702 3457 761 3502 seu
781 3441 986 3521 quaestiones
1001 3443 1197 3526 ambagibus
1211 3445 1343 3511 involu-

243 3543 308 3612 tas,
323 3535 357 3599 in
371 3537 536 3602 conviviis
552 3538 595 3601 ad
610 3539 809 3603 solvendum
819 3559 1014 3623 proponere,
1026 3542 1068 3606 de
1083 3529 1344 3627 quibus'praeter

244 3635 466 3718 Hesychium,
483 3639 634 3718 Suidam,
655 3639 871 3705 Scholiasten
886 3641 1137 3726 Aristophanis,
1154 3645 1342 3712 Athenaeus

242 3735 301 3802 lib.
318 3751 358 3800 x.
375 3757 419 3802 ex
435 3738 599 3804 Clearcho
624 3747 659 3806 et
677 3741 764 3806 aliis.
810 3742 936 3807 Pollux
958 3742 1091 3806 suaisca
1112 3744 1261 3828 ζητῆματα
1281 3769 1343 3812 vo·

242 3843 308 3905 cat.
351 3837 498 3922 Ambigc
520 3860 563 3905 an
584 3841 661 3906 libri
684 3842 917 3922 Ludicrorum,
939 3864 1078 3927 qnorum
1101 3848 1255 3910 meminit
1269 3847 1342 3913 Nc-

241 3941 332 4017 nius,
348 3940 391 4005 ad
405 3941 496 4006 idem
509 3959 598 4025 opus
611 3944 783 4009 referendi.
829 3944 978 4010 Suadere
988 3947 1117 4013 videtur
1133 3949 1342 4030 Macrobius,

244 4039 303 4121 qui
326 4045 432 4106 toturn
451 4041 515 4106 hoc
538 4042 704 4110 scribendi
729 4063 832 4124 genus
856 4046 1019 4112 ludicrum
1041 4056 1153 4115 vocat.
1197 4049 1343 4134 Cognati

241 4138 378 4206 indubie
391 4145 585 4226 argumenti.
614 4144 657 4209 ln
671 4145 834 4210 conviviis
849 4149 1059 4232 antiquorum
1073 4152 1226 4235 frequens
1235 4155 1341 4219 turha·
