2914 4770
405 378 641 428 rns‘rrlroma
661 379 716 428 nn
740 381 918 430 sensato.
1169 370 1213 437 z)

109 545 224 592 mones
245 523 410 589 nonnulla
432 525 557 590 iaciant
584 523 721 607 Angelis
741 525 872 590 sanctis
895 526 1029 606 similia,
1045 545 1112 592 non
1126 529 1213 594 veri·

110 634 187 705 tate,
202 628 261 691 sed
276 628 407 710 specie,
432 646 496 692 non
511 628 690 711 sapientia,
712 627 773 692 sed
793 628 891 711 plane
905 627 1062 710 fallacia3
1086 636 1211 708 tamen,

108 731 137 793 si
150 729 194 793 de
210 730 294 806 istis,
310 737 352 794 nt
365 729 450 806 dixi,
466 747 553 811 quos
579 727 701 811 Magus
723 728 777 793 vel
803 729 1034 813 Philosophus
1056 733 1210 797 laudabi-

109 833 180 898 liter
192 832 373 909 nomiuant,
390 831 458 896 tale
472 830 604 916 aliquid
618 837 807 914 narraretur
809 877 951 897 .....

346 1017 444 1082 Idem
460 1017 503 1080 de
519 1015 620 1082 civit.
638 1016 703 1082 Dei
715 1016 775 1080 lib.
794 1031 843 1077 tv.
860 1034 938 1099 cap.
948 1015 981 1080 2.

147 1149 236 1230 Quae
270 1169 339 1215 uno
365 1150 443 1216 loco
466 1151 631 1234 Apuleius
652 1150 798 1214 breviter
820 1150 955 1232 stringit
984 1151 1018 1213 iu
1041 1169 1083 1214 eo
1111 1150 1210 1230 libro,

108 1273 203 1338 quem
230 1254 286 1319 De
315 1251 445 1316 Mundo
470 1251 687 1335 conscripsit:
711 1257 843 1315 terrena
869 1250 982 1315 omnia
1005 1250 1123 1316 dlcens
1138 1271 1211 1317 mu·

19 1385 20 1394 ¹
108 1358 249 1423 tationes
264 1355 567 1436 conversionesque
583 1358 685 1437 atque
696 1353 853 1418 interitus
875 1353 1008 1418 habere.

451 1538 545 1604 Idem
561 1538 621 1604 lib.
632 1553 714 1601 v111.
728 1557 804 1622 cap.
820 1537 875 1602 12.

146 1673 369 1738 Recentiores
384 1683 496 1739 tamen
512 1671 711 1754 Philosophi
732 1671 943 1749 nobilissimi,
959 1671 1085 1755 quihus
1108 1665 1208 1737 Plato

107 1774 283 1840 sectandus
297 1775 436 1859 placuit,
448 1775 624 1838 noluerunt
639 1789 676 1838 se
692 1771 759 1837 dici
772 1773 1035 1857 Peripateticos,
1049 1781 1106 1838 aut
1118 1774 1211 1840 Aca·

107 1876 268 1954 demicus,
284 1876 343 1940 sed
361 1875 572 1941 Platonicos.
617 1872 670 1939 Ex
687 1874 810 1957 quibus
826 1881 905 1939 sunt
920 1875 1019 1940 valde
1045 1877 1210 1941 nobilitati

108 1975 229 2055 Graeci,
251 1975 423 2053 Plotinus,
444 1975 660 2052 lamblichus,
690 1974 909 2058 Porphyrius:
933 1975 968 2041 in
992 1982 1135 2060 utraque
1149 1994 1212 2042 an·

109 2087 171 2144 tem
185 2081 310 2162 lingna,
326 2079 362 2142 id
377 2084 441 2156 est,
456 2077 580 2142 Graeca
601 2089 636 2141 et
656 2075 788 2155 Latina,
804 2076 974 2162 Apuleius
989 2075 1077 2142 Ater
1092 2079 1210 2145 extitit

111 2181 305 2246 Platonicus
319 2179 456 2245 nobilis.

539 2331 650 2396 Paulo
673 2338 777 2414 posta

18 2495 19 2526 ;
148 2467 237 2532 Haeo
250 2469 282 2531 si
296 2467 347 2532 ita
361 2470 449 2544 sunt,
461 2487 538 2550 qum
549 2467 630 2532 licet
640 2466 732 2549 apud
745 2467 831 2532 alios
846 2477 983 2550 qnoque
994 2464 1210 2550 reperiantur,

110 2565 272 2650 Apuleius
295 2574 408 2632 tamen
433 2567 631 2632 Platonicus
656 2563 894 2631 Madaurensis
918 2566 961 2631 de
987 2569 1049 2632 hac
1072 2587 1107 2631 re
1135 2567 1210 2630 sola

110 2687 206 2732 unum
233 2669 374 2752 scripsit
396 2667 530 2745 libmm,
552 2667 648 2751 cujus
667 2668 797 2731 titulum
813 2687 890 2732 esse
910 2668 1021 2732 voluit
1051 2669 1105 2731 De
1131 2669 1209 2734 Deo

111 2770 281 2836 Socratis:
304 2769 364 2833 ubi
386 2770 526 2834 disserit
546 2775 580 2834 et
608 2767 759 2851 exponit,
782 2785 826 2832 ex
849 2787 917 2849 quo
943 2785 1062 2848 genera
1091 2767 1210 2832 Numi-

111 2890 182 2936 num
201 2869 337 2936 Numen
352 2871 418 2935 sibi
444 2871 603 2936 Socrates
627 2870 775 2934 babebat
801 2867 996 2952 adjunctum
1011 2875 1045 2934 et
1059 2865 1210 2934 amicitia

111 2975 249 3056 quadarn
264 2973 491 3050 conciliatum,
508 2993 528 3037 a
548 2991 617 3056 quo
639 2971 833 3054 perhibetur
847 2969 967 3034 solitus
982 2967 1163 3046 admoneri,
1176 2975 1211 3033 ut

112 3074 282 3140 desisteret
304 3077 348 3139 ab
372 3075 515 3156 agendo,
531 3073 666 3156 quando
692 3070 728 3134 id
750 3070 842 3152 quod
865 3089 961 3152 agere
976 3070 1114 3135 volebat
1129 3091 1209 3153 pro·

112 3196 202 3260 spere
216 3196 286 3241 nou
298 3175 407 3239 fuerat
422 3182 631 3239 eventurum:
646 3171 730 3236 dicit
744 3172 830 3234 enim
841 3170 1052 3253 apertissime
1068 3176 1100 3236 et
1114 3171 1210 3255 copi-

112 3281 264 3344 osissime
285 3278 434 3356 disserit,
452 3295 520 3341 non
544 3296 621 3342 eum
645 3275 758 3339 Deum
782 3291 871 3349 esse,
898 3271 960 3336 sed
986 3272 1208 3337 Daemonem:

112 3379 259 3464 diligenti
281 3379 509 3462 disputatione
531 3383 741 3461 pertractans
767 3377 869 3439 istum
892 3373 1043 3439 Platonis
1059 3373 1101 3438 de
1119 3374 1209 3438 Deo·

112 3501 178 3547 rum
194 3482 414 3558 sublimitate,
429 3487 461 3544 et
472 3479 646 3544 hominum
664 3476 864 3552 humilitate,
876 3483 912 3540 et
924 3475 1127 3540 Daemonum
1141 3493 1211 3538 me-

112 3583 233 3650 dietate
255 3585 465 3650 seutentiam.
483 3625 492 3646 .
509 3629 518 3648 .
536 3627 544 3644 .

561 3727 692 3794 Ibidem
707 3725 841 3791 deinde.

149 3871 223 3935 Aut
245 3888 323 3952 ergo
339 3867 463 3933 l'allitnr
478 3863 658 3948 Apuleius,
675 3869 791 3926 etnon
806 3860 936 3925 existo
952 3876 1071 3940 genere
1088 3853 1209 3918 Numi-

113 3993 183 4038 num
201 3973 322 4036 babuit
345 3969 491 4035 amicum
507 3966 674 4042 Socrates,
698 3968 757 4028 ant
774 3960 943 4028 contraria
954 3961 1041 4022 inter
1055 3974 1093 4018 se
1109 3957 1211 4020 sentit

115 4073 222 4151 Plato,
232 4074 336 4138 modo
356 4071 537 4136 Daemones
552 4067 761 4144 honorando,
776 4063 877 4129 modo
898 4078 1012 4125 eorum
1036 4057 1209 4123 deliciasa

114 4176 247 4241 civitate
260 4175 349 4239 bene
365 4179 497 4237 morata
511 4169 731 4236 removendo:
754 4173 894 4231 autnon
908 4166 960 4226 cst
982 4159 1112 4226 Socrati
1127 4159 1209 4224 ami-
