2914 4770
244 327 287 392 le
654 343 811 392 neuneu
838 341 940 394 trun.

236 483 278 552 “si
289 485 402 556 atatis
417 491 477 551 aut
490 505 654 553 annorum
669 507 770 552 ceusu
784 489 977 554 aestimetur.
1002 488 1095 554 Nam
1109 491 1217 574 prima
1230 492 1358 560 foetura

246 588 419 657 excidisse
434 587 582 672 Apuleio
602 589 733 674 liquido
747 591 975 671 dignoscimus
992 610 1037 654 ex
1051 592 1141 675 ipso,
1157 594 1261 675 quod,
1276 613 1359 660 cum

245 689 331 756 alias
354 692 488 774 gloriari
510 692 622 758 soleat
638 691 680 756 de
697 693 874 756 verborum
893 693 1113 777 proprietate,
1128 695 1224 759 initio
1237 697 1356 760 horurn

245 791 407 858 librorum
428 795 560 858 reniam
579 794 744 876 praesatus
765 794 829 859 sit:
853 795 905 858 ‘si
920 793 1001 877 quid
1016 795 1144 860 exotici
1157 815 1198 860 ac
1213 796 1359 864 forensis

246 897 411 959 sermonis
438 896 530 960 rudis
551 895 683 962 locutor
704 894 887 960 offenderet
899 894 918 974 ;'
941 901 1101 979 tanquam
1124 899 1166 974 si,
1188 917 1309 962 recens
1335 918 1357 964 a

244 996 357 1060 studio
372 996 450 1073 fori,
466 996 544 1060 huic
560 995 771 1060 meditationi
787 1015 825 1060 se
840 995 1051 1064 tradidisset.
1096 997 1187 1063 Nam
1207 1000 1356 1082 primum

245 1095 321 1179 ejus
334 1098 537 1175 tirocinium,
552 1104 733 1181 postquam
750 1096 875 1162 Latine
889 1096 1076 1176 didicisset,
1088 1099 1245 1165 incensis
1256 1119 1357 1183 agen-

246 1199 313 1278 dis,
328 1205 361 1264 et
373 1201 512 1282 primum
526 1201 590 1266 hoc
604 1220 691 1285 opus
706 1200 826 1269 Latine
836 1201 1007 1282 vulgasse,
1019 1202 1120 1266 ctiam
1130 1201 1189 1269 illa
1197 1202 1357 1286 produnt,

160 1331 164 1338 ·
246 1303 505 1384 quaesubnectit
515 1301 631 1366 eodem
642 1302 740 1367 loco:
766 1300 875 1366 ‘Haec
887 1301 965 1384 ipsa
976 1301 1073 1366 vocis
1083 1302 1288 1381 immutatio,
1298 1303 1358 1368 de·

159 1405 163 1418 “
247 1403 394 1468 sultoriae
411 1403 563 1468 scientim
576 1404 681 1486 stylo,
694 1421 792 1486 quem
808 1402 1023 1479 arcessimus,
1040 1401 1241 1486 respondet?
1264 1402 1356 1483 Quae

145 1547 148 1554 -
206 1571 211 1582 ,
246 1503 406 1569 enimilla
418 1505 513 1568 vocis
528 1505 726 1580 immutatio,
740 1503 807 1566 nisi
823 1502 913 1586 quod
929 1501 1087 1568 Graecum
1101 1521 1287 1568 sermonem
1302 1504 1358 1570 sa·

245 1606 406 1698 miliarem
424 1613 459 1672 et
480 1595 679 1670 consuetum
694 1609 848 1682 mutaret,
862 1610 894 1668 et
912 1605 984 1687 jum
1006 1605 1124 1670 Latine
1144 1605 1291 1670 scribere
1305 1605 1358 1670 ia-

246 1709 423 1772 stitueretl
469 1705 526 1771 Illi
542 1707 862 1790 Metamorphoseou
870 1705 949 1770 libri
960 1704 1077 1770 ludicri
1092 1706 1206 1790 plene,
1222 1713 1257 1770 et
1270 1707 1357 1770 varii

246 1807 451 1889 argumenti:
476 1805 650 1890 inquibus
673 1815 789 1872 tamen
811 1825 878 1871 non
900 1807 1027 1872 deserit
1048 1807 1249 1884 institutum,
1273 1813 1312 1871 ut
1334 1827 1358 1871 a

177 1907 181 1916 '
246 1908 379 1976 Graecis
394 1915 538 1992 accepta
553 1907 675 1972 Latine
688 1907 813 1974 tradat.
842 1908 980 1974 Infinita
993 1909 1132 1992 quidem
1146 1909 1187 1974 de
1200 1927 1262 1972 sua
1273 1909 1356 1973 mis·

246 2019 313 2090 cet,
328 2017 464 2076 secutus
478 2019 590 2076 tamen
606 2012 750 2094 vestigia
765 2011 921 2088 Luciani,
937 2012 997 2094 qui
1024 2011 1095 2076 sere
1117 2010 1222 2076 simili
1242 2008 1357 2074 fictio·

245 2132 288 2189 nc
312 2111 430 2176 Λούκιον
452 2114 523 2178 sive
540 2114 625 2176 'our
639 2113 789 2196 scripsit.
836 2111 1018 2178 Rationem
1032 2109 1263 2195 inscriptionis
1278 2111 1356 2194 ipse

121 2279 126 2290 ,
217 2255 220 2264 ·
245 2211 415 2296 Apuleius
430 2214 578 2281 reddidit
591 2216 688 2280 initio
702 2215 762 2278 lib.
775 2232 801 2277 1.
838 2219 848 2248 ‘
862 2213 1004 2296 Figurae
1015 2213 1238 2296 fortunasque
1247 2212 1356 2276 lromi-

245 2333 324 2378 num
346 2315 382 2377 in
404 2315 491 2379 alias
511 2317 676 2398 imagines
699 2333 892 2400 conversas,
916 2319 952 2379 et
973 2315 1008 2378 in
1030 2333 1067 2378 se
1088 2333 1217 2384 rursum
1235 2323 1354 2380 mutuo

245 2435 336 2479 nexu
351 2415 495 2481 refectas
510 2417 565 2481 hic
582 2417 742 2481 exordior
752 2416 770 2482 :’
793 2424 834 2480 et·
851 2416 963 2499 potior
978 2434 1059 2481 sone
1073 2415 1258 2498 argumenti
1273 2433 1356 2498 pars

245 2517 298 2582 sui
325 2517 436 2600 ipsius
462 2518 709 2583 transmutatio.
755 2517 859 2582 Hunc
891 2517 1009 2601 itaque
1038 2516 1170 2581 titulum
1194 2515 1357 2598 imposuit

155 2701 160 2708 Ι
245 2617 383 2697 Auctor,
408 2639 508 2704 quem
533 2618 643 2683 solum
659 2617 797 2701 antiqua
812 2616 1023 2700 exemplaria
1037 2615 1235 2698 praeferant:
1257 2615 1356 2682 illum

245 2740 324 2785 vero
338 2719 376 2784 de
390 2710 491 2784 Asino
504 2742 598 2784 aureo
613 2721 673 2786 alii
688 2720 897 2786 affinxerunt
950 2717 988 2782 si
1004 2717 1093 2782 enim
1109 2715 1154 2781 ad
1168 2719 1355 2798 argumenti

244 2820 403 2886 indicium
428 2822 573 2902 adjicere
596 2821 726 2904 aliquid
747 2821 924 2894 uoluisset,
938 2819 1127 2884 imitatione
1144 2817 1300 2896 luciani,
1315 2817 1356 2882 de

247 2921 348 2985 Asino
361 2921 517 3000 fortasse,
533 2943 702 3005 nunquam
720 2941 805 2988 vero
819 2919 857 2985 de
876 2919 976 2986 Asino
999 2941 1093 2985 nureo
1115 2921 1355 3004 inscripsisset.

245 3023 302 3088 lte
317 3021 494 3088 Ciceronis
507 3023 702 3106 Dialogum,
714 3042 814 3107 quem
827 3020 967 3086 Brutum
981 3023 1183 3106 appellarat,
1195 3023 1259 3088 sub
1272 3024 1354 3090 titu-

243 3127 278 3191 lo
294 3124 332 3190 de
355 3123 460 3190 Claris
478 3123 664 3189 Oratoribus
678 3129 921 3207 exposuerunt.
965 3123 1059 3188 Idem
1076 3122 1109 3186 in
1123 3123 1199 3190 aliis
1214 3121 1354 3190 Cicero-

130 3261 135 3269 ·
243 3226 297 3288 nis
319 3225 415 3289 libris
435 3233 472 3290 et
496 3225 653 3290 Platonis
682 3225 838 3318 Dialogis
858 3225 1035 3288 observare
1053 3223 1152 3288 licet:
1175 3241 1243 3305 qua
1256 3231 1354 3306 parte

244 3325 372 3408 sapius
395 3333 538 3390 erratum
562 3328 595 3390 in
617 3324 762 3390 Ausonii
784 3325 991 3408 aliorumque
1014 3343 1154 3407 operum
1172 3323 1352 3394 lemmatis.

211 3411 218 3436 ⁸
244 3425 358 3490 Velim
374 3434 488 3492 antem
501 3427 616 3492 doceri
631 3446 677 3490 ex
698 3428 774 3510 ipso
788 3424 929 3510 Apuleii
944 3443 1057 3508 opere,
1072 3443 1151 3506 quae
1166 3424 1254 3488 ratio
1271 3443 1352 3492 sua-

244 3527 324 3591 dere
340 3530 519 3611 potuisset,
533 3537 572 3592 ut
586 3525 623 3590 de
639 3526 738 3590 Asino
753 3545 849 3590 nureo
859 3526 1075 3591 inscriberet:
1099 3525 1202 3591 uelim
1216 3527 1351 3590 ostendi

244 3649 312 3714 quo
322 3631 479 3713 proximo
490 3637 686 3712 argumenta
699 3630 763 3694 lroc
777 3629 890 3710 colligi
905 3628 1028 3710 possit.
1047 3627 1097 3690 At
1108 3625 1302 3710 Augustino
1316 3637 1352 3694 et

244 3731 322 3796 aliis
334 3731 397 3796 hoc
411 3729 722 3796 indicelaudantur.
754 3728 842 3809 Quis
852 3729 1010 3810 negabit?
1034 3728 1107 3806 sed,
1122 3735 1161 3794 ut
1172 3737 1273 3794 notos
1288 3749 1351 3796 an·

206 3861 210 3868 ·
242 3833 345 3917 tiquis
356 3831 421 3898 hoc
436 3833 534 3898 n’tulo
550 3835 787 3910 concesserim,
798 3833 847 3898 ite
861 3833 905 3897 ab
919 3831 1066 3913 Apuleio
1079 3830 1144 3896 hac
1158 3832 1350 3915 inscriptio·

243 3953 285 4002 ne
300 3935 458 4017 vulgatos
475 3953 542 3998 non
554 3935 590 3998 lit
604 3933 796 4000 verisimile.
830 3932 923 4013 Quia
935 3951 1014 4000 vero
1029 3933 1193 4016 hocopus
1207 3933 1350 4016 placuit,

244 4036 314 4100 sive
341 4036 386 4101 ob
415 4037 558 4119 figmenti
584 4035 800 4100 festivitatem
821 4043 856 4099 et
877 4036 1024 4118 leporem
1048 4035 1251 4112 fabularum,
1274 4035 1351 4102 sive

244 4135 346 4202 aliam
363 4140 517 4218 quamvis
532 4139 575 4204 ob
594 4157 745 4216 causam,
760 4137 906 4203 obtinuit
920 4143 959 4202 ut
972 4135 1009 4200 de
1031 4133 1131 4200 Asino
1144 4157 1239 4199 nureo
1255 4135 1350 4202 dice-
