2914 4770
362 962 606 1038 VETERUM
628 967 946 1039 SCRIPTORUM

218 1167 307 1243 DE
359 1169 654 1249 APULEIO
704 1173 1095 1256 PLATONICO

426 1366 873 1462 TESTIMONIA.

524 1615 791 1634 -ιμ-Ᾱ

523 1636 790 1662 —

107 1823 189 1909 Imp.
213 1825 362 1891 Severus
381 1823 494 1908 Epist.
507 1825 552 1890 ed
567 1825 731 1890 Senatum
753 1825 797 1891 rle
823 1825 945 1894 Clodio
969 1829 1095 1896 Albino
1112 1830 1206 1916 apnrl

402 1924 426 1990 J
428 1925 471 1990 ul.
487 1925 726 2010 Capitolinum,
737 1947 773 2010 p.
781 1926 857 1994 124.

20 2081 22 2100 ·
109 2032 260 2119 Mesoa
275 2053 340 2118 fnit
354 2051 461 2130 dulor,
477 2051 569 2135 quod
582 2051 677 2116 illum
689 2070 753 2135 pro
766 2054 904 2120 literato
915 2053 1120 2121 laudandum
1134 2056 1205 2140 ule-

20 2211 22 2246 J
107 2155 194 2240 rique
207 2154 370 2233 duxistis,
385 2173 464 2219 cum
488 2154 556 2232 ille,
578 2155 703 2219 naeniis
722 2155 927 2240 quibusdem
941 2155 1089 2221 anilibus
1104 2175 1205 2223 occu·

107 2266 216 2342 patus,
231 2257 319 2321 inter
333 2253 494 2321 Milesias
510 2255 660 2320 Punicas
672 2254 813 2340 Apuleii
828 2257 882 2322 sui
896 2266 1161 2324 consenesceret.

239 2390 418 2457 Palladius
434 2390 476 2460 de
492 2389 546 2458 Be
565 2389 717 2469 Rustica,
726 2390 786 2457 lib.
798 2407 822 2459 1.
844 2389 912 2456 Tit.
929 2405 1059 2456 xxxV.

144 2509 315 2594 Apuleius
336 2509 459 2576 usserit
483 2507 611 2576 semina
635 2508 761 2574 bubulo
783 2506 861 2576 selle
886 2507 1088 2576 maceranda
1113 2513 1205 2576 ante-

110 2631 203 2695 quam
220 2615 375 2696 spargas.

225 2740 411 2806 Marcellus
421 2739 464 2805 de
479 2738 738 2805 Medicamentis
751 2739 788 2803 in
800 2737 906 2822 Epist.
920 2735 964 2802 erl
974 2735 1076 2803 filios.

145 2860 289 2926 Veteres
314 2856 496 2924 Medicinae
512 2857 596 2923 artis
618 2863 787 2934 auctores,
811 2855 935 2920 Latium
955 2873 1107 2921 sermone
1130 2873 1205 2938 peu·

110 2963 234 3048 scupti,
246 2959 426 3046 Apuleius,
440 2963 475 3024 et
488 2957 621 3038 Celsus,
637 2967 673 3026 et
683 2957 904 3044 Apollinaris.

145 3064 234 3150 (Serl
248 3063 291 3128 rie
307 3063 375 3127 alio
387 3059 540 3145 ‘Apuleio
554 3060 629 3127 lnaee
645 3061 713 3124 duo
728 3059 921 3125 testimonia
942 3059 1099 3126 videntur
1119 3077 1206 3138 esse,

110 3171 143 3230 ut
154 3171 245 3232 reete
261 3163 403 3248 conjicit
415 3157 637 3244 Wewerius.)

379 3309 425 3376 D.
443 3308 670 3390 Hieronymus
684 3307 720 3373 iu
736 3307 864 3374 Psalm.
880 3306 934 3374 81.

147 3431 229 3497 Nou
261 3435 316 3498 est
347 3403 483 3512 grande'
499 3423 614 3490 iacere
649 3425 765 3508 signa3
801 3443 877 3489 num
902 3423 1012 3490 iecere
1048 3424 1144 3508 signa
1171 3425 1206 3492 in
1266 3469 1283 3500 ..

111 3534 257 3617 AEegyptu
272 3531 369 3615 Magi
394 3536 512 3596 contra
529 3526 688 3612 Moysen,
710 3526 792 3595 iecit
805 3532 839 3592 et
851 3525 1067 3611 Apollonius,
1084 3527 1163 3594 fecit
1173 3532 1207 3592 et

110 3635 285 3719 Apuleius.

303 3749 504 3816 Instantius
518 3749 599 3815 Diu.
614 3747 726 3815 Instit.
740 3747 800 3812 lib.
814 3764 849 3812 v.
864 3766 939 3833 cap.
949 3747 982 3812 3.

148 3871 249 3948 Item,
270 3889 347 3934 cnm
372 3867 465 3934 sacta
486 3867 560 3954 ejus
582 3865 775 3937 mirabiliter
795 3865 992 3942 destrueret,
1013 3881 1073 3926 uec
1095 3868 1206 3926 tamen

111 3981 253 4058 negaret,
275 3970 386 4039 noluit
405 3969 579 4037 ostendere
599 3967 819 4052 Apollonium
838 3967 892 4033 vel
917 3965 1013 4049 paria
1027 3962 1080 4026 vel
1102 3963 1207 4028 etiam

111 4075 237 4161 majera
250 4075 385 4140 iecisse.
431 4073 558 4138 Mirum
571 4070 666 4157 qnod
680 4070 861 4156 Apuleium
872 4063 1095 4154 pretermisit,
1107 4067 1206 4152 cujus

111 4177 216 4244 solent
227 4178 334 4243 multe
346 4181 381 4241 et
394 4175 478 4244 urire
491 4171 754 4242 commemorari.
