2914 4770
227 361 249 426 2
403 379 408 388 ·
519 399 524 408 ·
681 377 949 426 svrsvoun·

228 521 387 606 potentiae
417 519 601 604 gloriaeqne
630 539 747 584 nomen
779 524 925 583 vestrum
955 519 1069 582 evexit
1102 519 1326 584 Lunovrcus
1451 499 1452 530 ³

231 623 410 698 Macrine,
432 640 555 704 parens
569 627 659 696 tuus,
681 621 732 684 sic
746 637 814 682 rem
831 617 997 682 Gallicam
1021 619 1208 701 prudentia,
1234 619 1327 684 Reli·
1451 611 1452 616 ’

228 723 360 808 gionem
374 723 501 808 pietate
517 721 695 796 stabilivit,
718 721 769 784 sic
792 719 977 784 invidorum
994 719 1263 802 infensorumque
1277 722 1328 784 vi·

229 823 377 889 cinorum
391 823 529 887 hostiles
544 823 674 886 animos
687 822 786 902 fregit
800 822 911 898 armiS,
929 821 979 884 sic
991 822 1125 885 virtutis
1138 840 1210 884 suae
1222 821 1328 885 admi·
1452 851 1453 860 κ

229 923 359 989 rationo
375 943 417 988 ao
431 923 521 986 farne
536 941 643 986 rerum
667 929 835 1003 gestarum
859 926 1025 986 extremas
1043 922 1136 986 orbis
1151 929 1267 1002 gentes
1282 923 1326 985 ad

230 1027 285 1090 sui
299 1025 545 1108 venerationem
562 1024 720 1100 concivit,
743 1021 891 1088 utnulla
905 1024 975 1107 jam
991 1042 1091 1106 poene
1106 1023 1219 1086 mundi
1233 1025 1327 1086 natio

229 1127 284 1202 sit,
310 1125 422 1189 nullus
450 1125 607 1208 populus,
630 1125 726 1208 cujus
752 1145 804 1189 res
829 1123 1040 1207 rationesque
1062 1144 1130 1188 non
1157 1125 1225 1188 sint
1250 1143 1327 1187 oum

230 1227 351 1291 vestris
365 1227 477 1309 aliquo
493 1227 592 1290 modo
608 1228 821 1310 conjunctae:
844 1227 923 1290 dum
947 1225 1010 1290 hos
1029 1231 1193 1289 sustentat
1206 1225 1327 1308 opibus
1453 1243 1454 1246 ’

231 1329 397 1410 Princeps
413 1327 752 1404 munificentissimus,
774 1328 853 1390 illos
874 1345 1037 1390 armorum
1053 1333 1172 1390 terrore
1186 1324 1328 1388 bellator

230 1429 413 1492 acerrimus
438 1429 585 1492 continet
613 1430 648 1493 in
676 1427 800 1500 officio,
829 1427 914 1490 alios
941 1426 1118 1491 confirmat
1146 1425 1327 1508 praesidiis,

122 1601 125 1610 ,
231 1529 317 1594 alios
332 1529 387 1592 vel
403 1528 477 1592 sola
488 1518 633 1596 nominis
645 1531 699 1594 sui
716 1531 833 1593 umbra
844 1536 938 1592 tutos
951 1547 1153 1609 securosque
1169 1532 1328 1609 praestan

231 1638 265 1695 et
280 1631 433 1696 stabilita
446 1639 498 1694 tot
512 1631 688 1715 triumphis
704 1651 790 1714 pace
804 1649 872 1694 non
895 1629 939 1693 ad
964 1629 1082 1694 luxum
1107 1633 1141 1692 et
1164 1627 1328 1692 desidiam

232 1733 393 1806 abutitur,
410 1731 469 1794 sed
484 1731 681 1814 ampliorem
697 1731 764 1795 sibi
780 1751 826 1795 ex
840 1739 939 1813 parto
952 1751 1012 1814 per
1026 1749 1100 1794 eam
1117 1729 1200 1806 otio,
1227 1748 1328 1813 quam

231 1853 275 1898 ex
292 1832 460 1907 omnihus,
482 1851 567 1914 quas
591 1831 716 1908 retulit,
738 1829 901 1906 victoriis,
922 1831 1060 1895 laudum
1075 1835 1218 1912 segetem
1235 1848 1329 1911 quse·

231 1934 284 1998 rit.
329 1931 442 1996 Nullis
462 1931 589 2014 quippo
603 1931 676 2015 jain
691 1931 818 1998 relictis
831 1933 867 1996 in
880 1925 947 1996 hac¹
959 1932 1052 1996 orbis
1066 1931 1154 2008 luce,
1170 1950 1255 2015 quos
1271 1929 1329 1994 de-

230 2033 342 2110 bellet,
366 2032 533 2109 hostibus,
555 2033 666 2115 ipsum
690 2033 902 2097 tenebrarum
926 2032 1119 2116 Principem
1133 2031 1329 2116 aggreditur,

230 2139 264 2198 et
284 2133 326 2198 de
340 2132 491 2198 coelitum
506 2132 617 2198 adhuc
633 2134 792 2217 amplius,
815 2153 917 2217 quam
932 2132 973 2197 de
986 2134 1175 2198 mortalium
1194 2132 1328 2216 judicio

231 2234 399 2312 solicitus,
421 2233 499 2298 dum
515 2238 776 2300 commeantium
793 2236 938 2319 undique
960 2237 994 2299 in
1009 2236 1072 2301 has
1084 2255 1162 2300 oras
1186 2235 1330 2300 advena·

229 2353 303 2400 rum
318 2336 567 2400 admirationem
583 2339 737 2420 superbis
752 2337 970 2402 aedificiorum
985 2352 1026 2401 ae
1044 2336 1329 2402 substructionum
1366 2416 1369 2422 1

230 2437 377 2501 molibus
392 2439 529 2513 excitet,
544 2437 634 2520 apud
650 2437 799 2502 coelestis
815 2439 934 2521 patriae
950 2439 1043 2502 eires
1057 2439 1212 2521 plausum
1223 2437 1329 2502 multo

225 2537 461 2620 jucundiorem
491 2557 537 2602 ex
566 2539 738 2601 subversis
768 2537 937 2602 haereseos
967 2539 1101 2623 templis
1129 2547 1328 2621 aucupatur.

190 2663 192 2668 ·
230 2637 451 2722 Teterrimum
465 2637 547 2702 illud
562 2645 756 2713 monstrum,
767 2639 858 2722 quod
874 2639 978 2702 nullis
993 2640 1200 2721 superiorum
1214 2659 1330 2721 regum

231 2739 344 2814 armis,
358 2737 459 2802 nullis
473 2739 649 2802 conatibus
664 2738 794 2803 domari
809 2744 974 2821 potuerat,
982 2740 1126 2804 otiantis
1141 2739 1328 2805 Lnnovrcr

231 2838 365 2902 Macar
397 2837 580 2900 subcisivis
609 2839 698 2901 curis
728 2838 965 2903 debellandum
996 2842 1203 2906 servabatar.
1247 2840 1328 2919 Quo

226 2937 298 3021 jam
322 2942 490 3019 prostrato
514 2955 557 2999 ac
580 2938 722 3018 penitus
736 2926 909 3015 'consecto
930 2940 1059 3003 sanatis
1074 2945 1175 3022 atque
1191 2943 1235 3005 ad
1251 2962 1330 3007 con

230 3037 381 3100 cordiam
395 3045 431 3101 et
445 3037 598 3100 unanime
614 3043 685 3100 tom
700 3055 779 3120 erga
805 3038 927 3115 Deum,
951 3044 1021 3104 tum
1042 3057 1122 3122 erga
1135 3041 1329 3126 Principem

230 3135 430 3218 obsequium
454 3137 600 3202 reductis
630 3157 765 3202 suorum
794 3140 941 3204 omnium
970 3141 1102 3220 animis,
1132 3143 1330 3226 propagatis

229 3234 298 3298 late
313 3235 447 3310 linibus,
475 3241 510 3299 et
530 3236 684 3302 hostibus
707 3247 766 3300 aut
791 3238 923 3316 deletis,
946 3247 1005 3305 aut
1025 3237 1183 3305 cladibus
1198 3241 1271 3304 suis
1285 3243 1329 3306 ad

231 3333 367 3398 saniora
389 3335 556 3399 revocatis
579 3336 733 3413 consilia,
756 3337 838 3418 quid
860 3339 962 3404 hahet
984 3343 1130 3425 emplius
1152 3341 1268 3407 Gallia
1285 3343 1330 3408 ad

231 3452 395 3500 summam
410 3435 605 3502 felicitatem
621 3437 817 3519 optandum,
837 3441 903 3504 nisi
927 3447 964 3505 nt
985 3462 1027 3506 ea
1049 3445 1186 3528 propria
1205 3444 1329 3509 sibiae
1379 3441 1386 3450 '

230 3538 394 3617 perpetua
411 3535 502 3600 Deus
517 3537 642 3617 faciet3
664 3537 728 3603 hoo
749 3546 812 3618 est,
837 3549 873 3605 ut
889 3543 992 3608 vitam
1009 3543 1094 3626 Regi
1111 3545 1239 3627 optimo
1255 3545 1330 3608 diu·

231 3636 465 3714 tumissimam,
486 3646 520 3702 et
535 3637 669 3704 Prolem
689 3642 821 3707 vinens
842 3643 916 3725 ejus
932 3645 1102 3724 aemulam,
1116 3646 1214 3728 eiquo
1227 3665 1329 3730 qnam

232 3735 436 3802 simillimam
452 3740 643 3806 consodali
665 3739 818 3807 Alterum
842 3751 880 3810 ut
904 3765 1076 3829 speremus
1099 3746 1231 3812 iaciant
1251 3766 1329 3811 curn

231 3839 355 3902 eximia
377 3838 412 3901 in
427 3837 700 3906 florentissimum
719 3843 785 3908 hoc
810 3843 963 3926 Regnum
990 3846 1144 3928 supremi
1171 3845 1330 3912 Numinis

231 3937 430 4021 benignitas,
449 3947 519 4005 tum
530 3943 630 4025 juges
645 3945 846 4010 castissimae
861 3943 988 4010 Christi
1003 3947 1147 4030 Sponsae
1162 3945 1329 4012 Ecclesiae

231 4056 294 4118 pro
309 4041 556 4108 studiosissimo
572 4043 759 4126 splendoris
774 4063 815 4110 ao
828 4043 907 4109 fidei
922 4065 994 4110 suae
1009 4055 1177 4112 assertore
1191 4067 1327 4130 preces:

232 4137 370 4213 alterum
385 4143 456 4224 jam
470 4145 570 4223 nobis
586 4164 785 4210 concessum
800 4165 868 4210 non
884 4148 955 4212 sinc
977 4147 1228 4233 jucundissimo
1244 4151 1329 4216 loeti·
