2914 4770
389 371 625 422 unsrruonra
652 375 700 422 nu
721 375 900 422 aruuuro.
1155 361 1200 427 87

92 521 129 580 et
142 517 228 580 hanc
241 533 381 599 operam
393 517 575 597 gratificari
587 516 716 582 doctis:
738 525 868 582 tanturn
881 517 999 595 doctis,
1011 537 1097 602 quos
1109 539 1200 602 mag-

93 616 240 680 nifacere
257 616 456 699 scriptorem
471 618 579 694 illurn,
596 621 630 682 et
644 618 752 682 multa
765 619 896 682 haurire
906 620 1056 701 quotidie
1068 641 1110 684 ex
1122 621 1199 704 ej‘us

93 719 260 796 sontibus,
274 720 359 783 satis
373 719 453 782 mihi
472 727 612 784 constat.
639 719 779 799 Atros,
794 719 940 786 Tulliani
954 722 1059 803 pueri,
1075 723 1199 786 bonum

93 818 238 896 factum,
250 818 281 884 si
294 817 360 882 hoc
376 826 480 903 ceput
492 839 557 884 non
574 822 726 903 tangetis.

345 1004 441 1069 Idem
456 1006 515 1070 lib.
533 1023 575 1072 rr.
592 1005 796 1084 Riectorum,
812 1027 888 1090 cap.
906 1008 960 1074 21.
1089 1047 1093 1054 ·

136 1136 195 1200 De
211 1137 358 1220 Apuleio
382 1157 446 1202 non
463 1157 537 1202 sum
560 1139 694 1203 nescius
715 1139 797 1224 quid
818 1141 937 1222 vulgus
951 1140 1050 1206 hodie
1063 1141 1196 1220 sentiat,

90 1238 226 1320 etquid
242 1239 547 1302 meliordoctorum
564 1240 657 1303 ordo.
701 1241 723 1304 J
727 1245 801 1305 acet
823 1243 913 1324 apud
935 1243 1039 1319 illum,
1062 1247 1130 1307 stat
1147 1243 1197 1307 vi-

89 1347 220 1421 getque
242 1340 331 1421 apud
353 1339 448 1417 istos,
469 1339 533 1404 hoc
557 1340 676 1404 saltem
699 1341 779 1419 talo,
803 1341 894 1423 quod
917 1361 1077 1424 nugarum
1100 1343 1195 1406 illum

88 1441 209 1504 ludum
225 1445 398 1523 temperet,
413 1458 454 1506 ac
468 1440 606 1504 misceat
621 1441 741 1504 crebro
755 1443 846 1504 velut
860 1441 933 1505 sale
947 1443 1071 1524 priscae
1087 1461 1128 1506 ac
1142 1463 1195 1507 re-

89 1539 247 1604 conditae
261 1541 430 1605 doctrinae.
467 1541 641 1605 Doctrinae
653 1541 688 1604 in
702 1541 851 1606 moribus
865 1540 953 1620 dico,
974 1550 1008 1606 et
1020 1543 1054 1605 in
1068 1544 1195 1608 verbis.

89 1642 189 1704 Nam
214 1641 337 1724 stylum
366 1642 443 1725 ojus
465 1644 555 1727 quod
581 1644 732 1727 ineptum
754 1661 830 1707 esse
850 1643 988 1723 volunt3
1010 1642 1142 1708 fatebor
1161 1644 1194 1707 in

87 1751 212 1824 parte:
228 1762 287 1808 nec
297 1745 385 1808 enim
393 1747 613 1828 asperitatem
625 1747 715 1811 illam
732 1751 766 1811 et
776 1745 946 1811 horrorem
959 1743 1194 1828 quoesitaedic·

88 1844 201 1906 tionis
214 1863 456 1928 usquequaque
472 1865 609 1911 excuso.
658 1846 728 1911 Sed
741 1854 853 1912 tamen
868 1847 970 1912 docte
984 1847 1144 1930 ineptum,
1159 1851 1193 1910 et

5 1971 6 1990 κ
87 1966 106 2008 e
121 1963 197 2030 qno
210 1947 317 2011 multa
328 1947 417 2012 bonu
431 1951 621 2034 selectaque
635 1951 768 2014 hauriat
782 1951 879 2015 bonae
892 1948 1192 2033 selectrequemen·

88 2048 131 2110 tis
163 2047 295 2112 lector.
340 2048 457 2114 Verba
474 2069 540 2114 non
564 2051 724 2135 pleraque
745 2051 857 2114 omnia
879 2050 1008 2132 probel
1030 2048 1189 2132 proprial

88 2149 227 2232 phrasis
242 2169 304 2213 non
319 2169 413 2232 saepe
432 2149 573 2216 florida't
596 2153 800 2235 metaphoris
816 2158 851 2217 et
867 2152 1068 2233 imaginibus
1088 2170 1192 2215 amoe·

88 2251 151 2313 nal
177 2249 256 2314 mihi
280 2251 331 2314 sic
358 2249 506 2316 videtur:
533 2253 596 2316 etsi
620 2254 654 2316 in
675 2253 831 2316 universo
849 2251 1008 2322 orationis
1031 2249 1100 2328 filo,
1116 2269 1192 2315 scu·

5 2407 6 2430 ,
88 2359 187 2422 brnm
200 2359 294 2436 illud,
308 2365 398 2423 etex
415 2359 568 2425 affectata
581 2361 681 2424 nimis
697 2361 893 2447 antiquitate
907 2359 1086 2438 horridum,
1101 2359 1192 2423 radit

88 2481 184 2543 saepe
197 2469 233 2526 et
249 2461 342 2526 laedit
356 2481 451 2526 meas
465 2481 573 2526 aures.
618 2462 688 2527 Sed
702 2463 756 2528 hic
771 2481 902 2547 quoqne
916 2461 984 2525 rirro
1000 2461 1032 2526 ei
1046 2463 1190 2545 patroci-

88 2569 223 2638 nantur,
243 2562 361 2626 Patria
383 2568 417 2626 et
433 2571 670 2645 argumentum.
714 2560 797 2626 Ortu
812 2563 899 2626 euim
915 2561 1092 2628 Aiersuit:
1115 2565 1190 2646 qui-

88 2664 150 2727 bus
165 2664 259 2726 velut
272 2665 409 2728 insitum
425 2665 458 2728 in
472 2665 645 2728 sententiis
654 2665 964 2746 inventionibusque
973 2665 1084 2728 acutis
1094 2684 1188 2744 esse;

89 2766 217 2848 asperis
232 2765 393 2848 dumsque
408 2767 440 2829 in
454 2787 617 2831 sermone.
661 2764 685 2831 J
687 2786 740 2830 am
755 2772 982 2848 argumentum
997 2764 1188 2830 miscellam

87 2869 118 2931 ei
133 2875 197 2944 est,
214 2873 248 2932 et
261 2868 444 2945 satiricum,
460 2868 548 2952 quod
564 2876 654 2932 amat
666 2867 754 2932 hunc
770 2867 1098 2950 cultumquaesitum,
1114 2867 1188 2949 pin-

88 2989 197 3050 guem,
222 2977 257 3034 et
275 2967 442 3051 squalenti
463 2969 608 3053 quodam
632 2989 725 3034 auro.
769 2967 932 3033 Varronis
955 2968 1187 3050 Fragmentue
1307 3035 1312 3042 ,

88 3070 206 3134 Satiris
225 3069 362 3133 videnti
385 3070 486 3134 etiam
509 3071 718 3134 examinent:
746 3065 912 3151 reperient
929 3087 970 3131 ea
984 3069 1185 3160 haudtlonge

87 3189 162 3234 esse
176 3191 199 3235 a
214 3170 362 3235 Milesiis
374 3171 449 3235 istis
467 3173 617 3248 Punicis,
632 3180 666 3237 et
679 3171 796 3236 inculti
811 3169 923 3234 cultus
936 3169 1035 3250 stylo.

215 3346 457 3412 Beneventum
473 3345 661 3413 Vulcanius
678 3344 815 3414 Praefat.
831 3345 866 3408 in
880 3342 1076 3428 Apuleium.

127 3474 298 3542 Gressata
310 3485 363 3542 est
376 3476 450 3542 haec
465 3477 644 3542 sciolorum
658 3477 801 3544 audacia
815 3483 915 3558 utque
924 3475 1062 3540 vesania
1074 3473 1129 3561 (ut
1143 3475 1184 3540 de

87 3578 223 3656 mendis,
239 3597 317 3660 quae
339 3578 474 3642 inscitia
494 3579 703 3644 librariorum
725 3580 942 3662 irrepserunt,
962 3574 1046 3639 nihil
1059 3574 1185 3658 dicum)

87 3698 166 3742 cum·
175 3680 213 3742 in
228 3680 378 3763 optimos
393 3680 514 3746 veteris
529 3679 617 3744 illius
630 3680 696 3744 ueri
711 3681 903 3762 scriptores,
918 3677 988 3761 qni,
1002 3677 1033 3742 si
1042 3677 1183 3742 revivis-

88 3785 172 3858 cant,
187 3799 253 3845 sua
266 3780 335 3863 ipsi
350 3781 475 3865 scriptu
486 3800 574 3862 aegre
586 3783 651 3845 sint
662 3781 818 3863 agnituri,
833 3789 903 3845 tum
917 3797 998 3844 vero
1011 3777 1183 3860 praecipue

88 3879 119 3942 in
133 3879 328 3964 Apuleium,
343 3883 551 3964 scriptorem,
574 3883 644 3965 qni,
658 3885 731 3948 sive
744 3884 858 3960 verba,
874 3882 1034 3956 siveram,
1050 3884 1084 3942 et
1097 3894 1183 3940 sum·

88 3999 171 4044 mam
193 3981 317 4046 Latina
341 3979 384 4046 de
400 3981 534 4047 Graecis
548 3983 761 4048 convertendi
784 3983 1016 4048 dexteritatem
1032 3982 1180 4061 spectes,

87 4082 208 4147 nemini
219 4079 450 4148 classicorum
464 4081 648 4150 Auctorem
663 4085 764 4150 facile
776 4083 877 4168 cedit,
893 4085 953 4146 &c
