2914 4770
227 305 271 370 at
631 317 787 366 nrunrur
816 315 917 365 rurs.

226 467 293 532 nisi
329 482 507 548 operosum
536 463 759 528 contemtuml
798 481 867 545 quo
898 462 972 526 solo
1003 463 1131 528 utinam
1168 465 1332 531 resideret

227 566 500 634 maledicentium
520 564 643 629 rabies.
689 561 756 628 Sed
782 583 850 628 non
873 563 998 628 lenient
1024 565 1186 648 impetum
1208 571 1331 646 morbi,

227 670 357 736 etiamsi
385 687 439 731 me
466 667 643 730 infeliciter
672 685 808 748 operam
837 667 962 729 lusisse
987 666 1143 744 dixerint,
1168 668 1235 732 nisi
1264 669 1331 734 boc

227 789 363 855 qnoque
387 767 576 852 adjecerint,
593 767 840 850 deprecandum
860 768 939 832 mibi
966 767 1110 832 infandae
1133 769 1333 834 temeritatis

227 875 370 936 crimen:
393 869 484 955 quod
500 875 611 934 tamen
632 888 697 933 non
720 867 922 953 prohibebit,
938 870 1017 952 quin
1038 887 1077 932 os
1099 871 1247 953 aperiam
1270 871 1332 934 ad·

227 993 344 1038 versus
356 971 446 1053 vulgi
460 970 653 1034 sententiam
670 977 703 1034 et
714 976 765 1034 tot
778 978 917 1039 aetatum
933 988 1142 1035 consensum.
1187 969 1332 1034 Rescin-

227 1075 303 1138 derc
332 1073 432 1155 igitur
452 1070 554 1135 libuit
578 1071 667 1134 male
690 1078 822 1148 coacta,
852 1078 886 1136 ct
906 1091 974 1135 non
1001 1078 1090 1135 recte
1122 1070 1333 1136 cohaerentia

227 1193 404 1259 separare:
428 1172 520 1255 quod
536 1172 626 1253 apud
643 1191 762 1256 aequos
777 1191 933 1236 censores
955 1171 1064 1236 fraudi
1079 1171 1159 1236 mibi
1175 1172 1331 1239 nouerit.

228 1276 391 1359 Superest
402 1269 600 1358 ’Λιεχὸμενος,
626 1272 818 1356 podmation
834 1273 1006 1356 vulgatum
1023 1293 1043 1338 a
1060 1271 1180 1337 Clodio
1196 1274 1333 1354 Bineto,

226 1376 377 1460 lepidum
403 1373 541 1458 quidem
569 1380 602 1438 et
633 1382 822 1450 venustum,
850 1373 941 1456 quod
968 1383 1074 1438 tamen
1096 1374 1246 1458 Apuleio
1261 1395 1332 1440 non

227 1478 458 1561 ascripserim:
481 1475 548 1539 nisi
571 1475 741 1539 induxerit
764 1475 882 1540 fortior
895 1476 995 1552 ratio,
1010 1495 1111 1561 quam
1126 1478 1237 1542 mollis
1253 1475 1331 1542 baec

226 1585 261 1645 ct
290 1579 454 1645 deliciosa
488 1577 665 1658 elegantia.
715 1577 800 1640 Sunt
838 1579 895 1660 qui
924 1576 1134 1660 Asclepium,
1156 1577 1331 1642 Hermetis

224 1679 435 1760 Trismegisti
451 1679 643 1758 Dialogurn,
670 1684 830 1761 tanquam
850 1681 893 1742 ab
919 1676 1069 1762 Apuleio
1085 1699 1230 1758 versum,
1245 1680 1333 1744 inter

225 1780 298 1864 ejus
314 1799 416 1863 opera
432 1779 566 1860 vulgare
587 1779 704 1845 solent.
750 1779 928 1863 Impellere
949 1781 1044 1845 illurn
1067 1786 1198 1863 poterat
1213 1787 1331 1845 aucto-

225 1882 271 1946 ris
284 1882 427 1964 dignitas
436 1885 469 1944 et
480 1880 664 1960 argumenti
680 1881 894 1961 prestantia:
919 1879 978 1944 sed
993 1882 1103 1946 oratio
1117 1880 1219 1965 plane
1234 1882 1331 1946 sicca

226 1990 260 2048 et
275 1984 469 2064 exsanguia
484 1980 634 2063 nihilque
650 1982 760 2045 simile
776 1981 904 2046 babens
929 2001 1005 2046 cum
1019 1979 1215 2065 Apuleiana
1229 1983 1330 2046 uber·

225 2092 295 2150 tate
311 2090 345 2148 et
357 2084 484 2148 laetitia.
528 2083 619 2148 Haec
641 2088 709 2148 tam
725 2084 820 2148 varia
834 2090 969 2168 tamque
984 2084 1146 2167 praeclara
1166 2090 1331 2166 praesten-

226 2187 271 2250 tis
293 2186 414 2266 ingenii
427 2190 641 2248 monumenta
655 2204 733 2248 cum
747 2205 914 2268 nunquam
938 2186 1011 2250 sine
1024 2186 1133 2250 fructu
1145 2186 1330 2252 reconditae

225 2287 420 2352 cruditionis
434 2287 593 2352 lectorem
610 2286 822 2364 dimitterent,
838 2292 872 2350 et
884 2293 993 2352 tamen
1008 2287 1127 2350 mirum
1141 2288 1178 2352 in
1190 2287 1330 2352 modum

225 2395 382 2472 corrupta
408 2395 441 2452 et
470 2389 599 2452 mendis
621 2387 804 2471 depravata
831 2389 1040 2468 oberrarent:
1061 2406 1129 2453 non
1150 2389 1332 2454 defuerunt

224 2490 289 2552 viri
318 2489 424 2567 docti,
448 2491 505 2573 qui
530 2491 628 2554 iniis
653 2491 873 2554 restituendis
895 2491 983 2555 serio
1008 2489 1213 2568 laborarunt,
1243 2509 1331 2572 quos

224 2590 326 2656 laude
340 2610 406 2656 sna
418 2610 481 2655 non
492 2590 663 2656 fraudabit
675 2597 768 2672 grata
783 2591 977 2674 posteritas.
1024 2590 1154 2654 Horum
1172 2592 1328 2673 vestigia,

224 2692 290 2756 etsi
317 2691 416 2774 longo
441 2691 627 2770 intervallo,
652 2691 798 2774 impares
821 2693 1007 2774 sequimur:
1028 2711 1233 2774 quanquam,
1255 2692 1331 2756 sine

225 2795 416 2872 arrogantia
439 2793 595 2869 dixerim,
622 2792 712 2856 baud
741 2795 851 2856 minus
880 2793 959 2856 mibi
991 2791 1099 2869 delict,
1128 2811 1229 2876 quam
1256 2795 1330 2858 cui-

224 2913 327 2976 quam
339 2893 483 2956 illorum.
514 2892 593 2955 Jam
607 2894 809 2958 destinatum
826 2895 924 2958 morti
940 2893 983 2958 ad
1000 2895 1103 2958 vitam
1117 2902 1329 2974 revocarunt,

224 2994 283 3059 sed
296 2994 441 3059 debilem
456 2999 488 3056 et
501 2999 717 3075 aegrotantem
732 2995 959 3060 destituerunt.
983 2994 1086 3072 Quod
1101 2993 1212 3060 laetior
1226 3005 1330 3078 caput

223 3103 349 3173 exerat,
364 3094 456 3179 quod
480 3096 552 3160 suni
573 3096 696 3160 coloris
711 3103 745 3161 ct
773 3098 957 3180 sanguinis,
982 3095 1072 3180 qnod
1088 3095 1174 3160 firmi
1189 3101 1280 3160 artus
1294 3104 1329 3162 et

224 3203 384 3260 constans
407 3194 578 3271 valetudo,
598 3205 746 3262 nostrum
767 3204 818 3262 est
836 3217 934 3282 opus.
979 3196 1126 3274 Certum,
1142 3195 1327 3280 Apuleium

223 3295 360 3360 infinitis
374 3294 505 3360 mendis
520 3297 680 3377 liberari:
703 3318 763 3362 nec
778 3307 891 3363 tamen
907 3297 1087 3362 dissimulo
1109 3297 1201 3362 haud
1214 3317 1328 3382 pauca

223 3397 401 3462 etiamnum
416 3396 559 3461 residere
574 3397 663 3464 falsa
678 3407 714 3464 et
729 3409 887 3484 corrupta
901 3401 1044 3466 lectione
1059 3399 1239 3464 obvoluta:
1262 3395 1325 3466 sed

223 3515 264 3562 ea
280 3498 378 3562 etiam
394 3498 471 3562 aliis
486 3517 547 3580 pro
562 3498 751 3583 desperatis
766 3503 923 3584 exposita
937 3508 972 3567 et
984 3501 1108 3578 relicta,
1117 3519 1196 3582 quaa
1211 3507 1326 3566 tamen

221 3599 322 3664 facile
337 3599 558 3664 emendabunt
571 3601 694 3683 quibus
716 3604 753 3666 in
777 3603 956 3670 divinando
978 3603 1107 3667 felicior
1121 3600 1251 3667 Genios
1265 3603 1326 3666 ad-

222 3703 315 3778 dicit,
331 3707 390 3764 aut
412 3701 447 3763 in
462 3702 617 3766 eruendis
636 3703 732 3769 libris
746 3705 877 3770 fortuna
897 3703 1073 3786 benignior
1086 3703 1195 3785 magis
1219 3703 1325 3768 favet.

221 3803 403 3887 AEquiores
417 3802 516 3868 nobis
532 3813 638 3883 erunt,
653 3824 716 3871 noc
742 3806 910 3872 invidiosa
931 3805 1099 3870 calumnia
1119 3805 1326 3886 diligentiam

221 3911 371 3970 nostram
388 3902 548 3982 different,
578 3905 671 3987 quod
698 3913 756 3972 aut
776 3906 912 3972 felicius
931 3908 966 3972 in
988 3905 1040 3970 his
1066 3905 1170 3970 literis
1184 3906 1324 3982 versari,

223 4012 281 4070 aut
296 4005 472 4090 prolixiori
485 4007 555 4072 otio
571 4007 621 4072 uti
636 4010 783 4092 contigit.
827 4009 907 4074 Hoc
924 4017 1035 4074 tamen
1049 4008 1162 4090 palam
1176 4005 1325 4090 profiteri

219 4127 284 4174 non
298 4108 454 4196 verebor;
475 4109 506 4174 si
522 4106 582 4176 alii
606 4129 722 4193 parem
738 4131 878 4198 operam
893 4109 1041 4197 Apuleio
1054 4108 1211 4186 locarint,
1235 4106 1326 4176 futu·
