2914 4770
235 308 279 374 12
640 321 797 372 nrunrrr
823 323 925 370 vrrs.

235 464 347 551 majus
363 473 425 544 ast,
448 470 650 531 contemtum
670 466 885 548 patrimonii!
929 464 1025 532 Certe
1046 485 1112 530 non
1133 467 1236 533 valde
1250 487 1341 551 opn-

234 567 357 632 lentum
386 567 504 645 fuisse,
536 565 629 630 baud
662 567 804 632 obscure
830 572 980 647 constat;
1017 586 1095 632 nam
1122 574 1155 632 et
1176 585 1231 632 xi.
1261 567 1342 632 Me-

235 670 496 754 tamorphoseon
525 687 562 733 se
587 667 768 732 admodum
790 687 973 752 pauperem
1004 668 1063 745 ait,
1086 668 1170 734 adeo
1200 677 1238 736 ut
1262 689 1343 734 ves·

235 774 303 834 tem
315 772 427 852 ipsam
437 769 577 834 vendere
592 769 639 833 sit
654 775 806 849 coactus,
827 789 894 853 quo
914 789 1085 834 sacrorum
1103 771 1266 855 impensis
1278 791 1342 854 pa·

234 890 304 934 rem
319 889 482 934 summam
498 869 701 934 corraderet.
744 869 823 934 Nisi
837 871 951 952 potius
966 878 1048 935 tunc
1070 873 1230 956 temporis
1252 892 1343 956 pau·

235 989 348 1054 parem
363 973 491 1055 capies,
507 970 711 1034 exhaustum
727 970 862 1035 seilicet
876 970 1006 1035 diutina
1020 973 1293 1056 peregrinatione,
1306 983 1344 1041 et

234 1079 400 1138 recentem
415 1093 438 1137 a
459 1072 714 1152 deformatione,
730 1091 808 1154 quae
831 1071 986 1136 omnibus
1009 1073 1106 1137 bonis
1122 1075 1343 1156 spoliaverat.

237 1174 323 1240 Gom
334 1193 415 1240 vero
426 1172 640 1239 accusatores
649 1178 886 1258 paupertatem
895 1175 1171 1256 exprobrassent,
1182 1179 1344 1260 tanquam

237 1278 272 1341 iu
287 1277 423 1360 proprio
438 1281 472 1340 et
484 1274 646 1340 familiari
661 1275 809 1354 crimine,
825 1293 955 1358 suoque
977 1274 1188 1361 Philosopbo
1199 1283 1344 1362 accepto

238 1382 274 1442 et
296 1377 517 1456 convenienti,
532 1383 657 1443 tantum
671 1397 735 1442 non
759 1377 874 1443 divina
894 1377 1045 1441 oratione
1067 1395 1174 1461 prope
1195 1379 1344 1445 dixerim

238 1480 434 1557 exaltatat
464 1486 696 1563 paupertatem
731 1479 786 1544 vel
808 1479 971 1543 divitibus
999 1479 1090 1543 ultro
1114 1481 1345 1561 expetendam

213 1571 217 1582 ’
237 1583 409 1665 proponit.
455 1582 501 1646 Et
516 1602 597 1646 saue
611 1583 794 1646 verisimile
806 1580 947 1658 videtur,
962 1599 1038 1644 curn
1054 1577 1221 1663 Apuleius
1231 1583 1344 1647 minus

238 1701 277 1748 se
291 1679 494 1766 locupletem
509 1689 669 1761 cerneret,
683 1683 762 1746 ideo
777 1682 912 1747 facilius
934 1681 1130 1764 impulsum,
1144 1685 1181 1746 ut
1194 1682 1345 1748 AEmilim

239 1783 439 1850 Pudentilla
453 1784 586 1867 nuptias
599 1803 665 1849 non
680 1790 917 1867 aspernaretur
930 1803 939 1863 ;
955 1801 1033 1846 nam
1054 1782 1209 1866 alioquin
1224 1802 1345 1866 parum

239 1883 378 1966 dignum
394 1887 486 1950 illius
502 1885 702 1968 luganiani
720 1885 858 1968 juvenis
876 1903 1015 1968 corpore
1031 1890 1067 1948 et
1082 1884 1193 1948 animo
1208 1884 1345 1967 elegans

240 1986 378 2051 duceret
398 1987 545 2065 viduam,
560 1989 661 2054 nullis
679 1988 794 2053 lormae
809 1986 1059 2062 blandimentis,
1075 1991 1110 2050 et
1130 1985 1227 2050 annis
1241 1987 1345 2052 rebus

237 2088 440 2178 voluptariis
449 2091 522 2174 jam
537 2090 606 2155 fere
619 2091 856 2167 abnuentibus,
880 2089 945 2154 nisi
958 2087 1097 2171 prolixa
1112 2085 1190 2151 dote
1205 2095 1240 2152 et
1250 2088 1346 2152 molli

241 2189 435 2256 conditione
458 2192 635 2258 invitatus:
672 2193 826 2276 quamvis
842 2193 917 2276 ipse
942 2190 1056 2255 multis
1078 2190 1191 2255 verbis
1212 2190 1346 2254 amoliri

240 2298 381 2357 conatur
394 2292 481 2358 banc
496 2293 740 2375 suspicionem,
755 2293 915 2376 nullaque
931 2291 1085 2356 avaritiae
1099 2309 1206 2356 causa
1219 2309 1345 2356 coucu-

240 2391 333 2472 pisse
348 2413 488 2458 uxorem
502 2413 548 2458 ax
562 2395 689 2460 tabulis
703 2395 812 2458 docet.
858 2392 939 2472 Qua
950 2412 1033 2458 vero
1048 2393 1226 2457 occasione
1241 2391 1346 2457 OEam

240 2495 380 2573 venerit,
395 2514 463 2578 qua
477 2497 670 2562 conditione
685 2496 886 2562 Pudentillae
901 2494 1115 2562 matrimonio
1133 2494 1274 2576 junctus
1289 2494 1345 2570 sit,

241 2595 375 2678 copiose
404 2603 528 2662 namat-
572 2597 627 2661 Ex
651 2597 715 2661 hac
742 2604 850 2662 amen
873 2598 1048 2678 utriusque
1074 2592 1345 2660 dissimilitudine

239 2703 320 2762 nata
333 2697 459 2780 opinio,
474 2717 605 2762 veneno
614 2705 649 2763 et
659 2697 800 2780 magicis
809 2696 985 2761 maleficiis
1001 2700 1155 2761 coactam
1171 2694 1346 2759 mulierem

240 2801 418 2881 nupsisse;
440 2801 520 2863 inde
536 2798 628 2880 apud
644 2799 687 2861 cl.
699 2798 902 2876 Maximum,
916 2795 1045 2862 Africae
1063 2796 1205 2861 Procos.
1219 2814 1241 2859 a
1256 2795 1347 2860 Inici—

240 2899 300 2964 nio
315 2899 497 2965 AEmiliano
512 2919 590 2964 reus
607 2898 735 2980 Magia
755 2899 961 2982 postulatus,
976 2898 1066 2982 quod
1092 2898 1225 2963 scilicet
1244 2916 1347 2963 sexa·

242 3001 425 3082 generiam,
441 3006 521 3085 post
544 3002 679 3083 longam
692 3001 905 3078 viduitatem,
920 2999 1121 3066 carminibus
1136 2998 1180 3063 ad
1196 2997 1249 3062 sui
1264 3002 1349 3062 aeta-

241 3107 307 3168 tam
320 3102 529 3183 flexisset,ut
538 3104 693 3186 grandem
707 3103 821 3169 dotem
837 3104 962 3169 amanti
973 3101 1103 3166 mulieri
1114 3106 1345 3182 extorqueret;

241 3203 304 3266 sad
318 3203 480 3269 adversus
494 3207 659 3268 intentata
673 3204 809 3268 crimina
820 3203 961 3286 insignis
971 3200 1173 3284 eloquentia
1183 3199 1346 3282 praesidio

241 3305 388 3370 munitus
401 3305 606 3388 peritissime
627 3305 796 3382 velitatur,
817 3323 926 3388 eaque
949 3302 1121 3368 innocenti
1145 3302 1219 3366 sine
1239 3319 1348 3366 causa

242 3405 389 3490 objecta,
407 3407 508 3489 longa
522 3405 674 3470 oratioue
689 3404 845 3471 ostendit.
889 3403 1014 3486 Magiae
1029 3410 1142 3469 tamen
1165 3402 1346 3468 noscendae

242 3508 410 3573 desiderio
425 3506 554 3572 ardenti
569 3527 605 3572 se
619 3508 779 3590 flagrasse
793 3507 923 3585 scribit,
939 3513 1038 3588 atque
1051 3504 1127 3568 ideo
1139 3502 1348 3568 Thessaliam

243 3610 419 3676 maleficiis
429 3608 594 3674 famosam
608 3609 762 3693 petiisse,
776 3608 843 3672 nisi
855 3607 931 3674 haec
940 3606 1125 3673 imitatione
1137 3603 1253 3668 Graeci
1267 3622 1348 3668 auc-

243 3712 337 3790 toris,
359 3729 458 3794 quem
486 3708 708 3793 exprimebat,
724 3709 904 3792 scripserit.
949 3706 1062 3770 Multa
1084 3713 1120 3770 et
1141 3706 1225 3768 mira
1247 3704 1290 3770 de
1305 3725 1348 3770 eo

243 3813 379 3892 medita,
391 3831 432 3876 ac
441 3811 681 3896 peritissimum
694 3809 814 3876 artium
824 3808 1047 3890 Magicarum,
1063 3815 1099 3872 et
1111 3803 1245 3870 Gbristo
1260 3825 1349 3888 prae·

245 3915 369 3982 stantia
396 3913 631 3980 miraculorum
659 3912 867 3996 superiorem
892 3911 935 3975 ab
964 3907 1117 3974 Etbnicis
1145 3907 1349 3975 estimatum

245 4013 444 4082 laetamine
472 4024 508 4078 at
533 4011 745 4095 Augustinus
772 4015 942 4080 memoriae
970 4009 1200 4094 prodiderunt.
1245 4005 1349 4086 Quod

247 4135 328 4186 vero
350 4118 440 4183 idem
463 4118 508 4183 D.
524 4114 735 4200 Augustinus
755 4121 861 4194 nnat,
890 4114 989 4200 quasi
1014 4111 1179 4196 praeclara
1201 4128 1262 4176 sua
1277 4108 1349 4175 elo·
