2914 4770
516 407 674 458 arnnnrr
702 411 802 460 vrrs.
1164 401 1209 470 19

103 555 200 614 retur.
244 549 485 634 l’crnnlgatnm
505 557 556 618 est
574 556 714 639 pulchra
727 563 763 624 et
777 559 943 642 elegantia
958 567 1059 628 aurea
1073 563 1154 644 dici,
1170 575 1208 631 ut

102 649 233 718 Graeois
258 654 298 715 sal
319 658 436 740 χρυσᾶ,
459 651 565 741 ἄριστα
591 657 640 719 καὶ
666 655 758 724 καλά.
804 661 860 726 Ita
877 663 965 745 apud
982 663 1132 731 Plinium
1146 668 1205 733 lib.

102 751 212 838 Epist.
227 770 270 821 11.
308 755 446 822 ‘Aurea
462 757 619 837 Fabula,’
638 766 673 825 et
687 759 766 825 Gaii
780 761 1027 832 iurisconsulti
1050 765 1206 833 ‘Aureo-

101 875 170 921 rum
187 857 456 925 commentarii!
498 859 619 944 Atqui,
633 869 675 926 tlt
695 871 751 926 τῶν
767 863 963 952 Πυθαγορείων
978 865 1027 946 iarn
1042 871 1079 932 rai
1092 875 1205 956 χρυσᾶ,

101 959 149 1022 ita
161 957 302 1044 Apuleii
316 959 354 1024 de
370 960 471 1025 Asino
487 983 591 1028 nureo.
636 964 751 1030 Video
768 975 803 1030 et
819 964 1020 1033 Milesiorum
1046 972 1206 1060 &appatio

100 1061 219 1126 iisdem
243 1060 340 1129 libris
360 1065 538 1148 assignari,
552 1069 646 1132 nullo
666 1075 778 1134 tamen
794 1077 884 1136 certo
899 1073 1038 1155 antiquo
1055 1083 1205 1152 auctore,

99 1164 163 1227 nisi
178 1165 273 1245 qnod
290 1165 475 1249 Imperator
489 1168 635 1233 Severum
659 1169 769 1253 Epist.
792 1171 836 1236 ad
855 1172 1017 1238 Senatum
1033 1175 1124 1258 apud
1139 1176 1206 1241 Ca·

100 1265 281 1346 pitolinnm
301 1263 475 1334 ‘Milesius
500 1271 664 1336 Punicas'
688 1273 847 1356 appellet.
893 1275 1077 1360 Nunquam
1094 1285 1205 1342 tamen

101 1365 301 1432 Milesiarum
327 1369 431 1435 libros
451 1372 628 1455 inscriptos
651 1373 841 1460 affirmabis.
885 1375 977 1441 Nam
1000 1378 1062 1443 illa
1086 1378 1205 1442 Severi

99 1471 292 1534 contemtim
318 1470 411 1537 dicta
437 1473 472 1537 in
496 1472 658 1539 Albinum
686 1476 806 1540 itidem
830 1476 968 1544 Afrum:
991 1480 1066 1562 ipse
1092 1485 1205 1544 autem
1280 1463 1283 1470 ⁴

99 1569 269 1655 Apuleius
283 1573 381 1639 inltio
395 1576 510 1658 operis
521 1595 671 1640 sermono
689 1576 827 1642 Milesio
842 1577 957 1642 varias
972 1578 1108 1644 fabulas
1125 1600 1204 1644 con·
1233 1625 1237 1632 .

100 1676 303 1760 scripturum
315 1695 354 1741 se
364 1677 427 1760 nit.
444 1675 593 1741 Milesiae
609 1677 808 1760 enimhujus
820 1677 951 1742 scilicet
961 1681 1145 1760 argumenti
1153 1679 1204 1744 fa-

99 1776 202 1854 bnlae‚
217 1778 253 1840 in
267 1779 403 1861 quibus,
412 1783 449 1842 nt
465 1777 662 1862 Hieronym.
672 1777 714 1842 ad
731 1764 963 1858 Eustochium,
976 1781 1079 1846 ludus
1093 1789 1130 1845 et
1144 1783 1205 1846 ob·

98 1877 253 1944 lectatio:
276 1879 365 1944 unde
377 1879 608 1946 Tertullianus
634 1881 676 1946 (le
700 1878 839 1959 Anima,
856 1902 934 1965 cap.
949 1883 1001 1947 23.
1049 1882 1205 1947 Milesias

100 1980 246 2045 AEnnrm
272 1983 421 2066 appellat
442 1990 632 2048 commenta
654 1985 802 2048 AEonnm
820 1983 1063 2049 Valentiniani.
1110 1991 1205 2059 Μιλη·

100 2089 205 2146 σιακᾶν
217 2082 392 2168 Ἀριστείδου
405 2086 553 2149 meminit
567 2083 712 2150 Ovidius
722 2085 888 2154 Irristium
908 2086 967 2150 lib.
982 2102 1025 2150 rr.
1071 2085 1205 2150 Plutar-

101 2187 180 2250 chus
194 2186 232 2250 in
248 2185 375 2252 Crasso
384 2194 485 2253 vocat
495 2183 601 2268 βιβλία
613 2185 778 2252 ἀκόλαστα.
824 2189 978 2252 Sisennae
991 2185 1203 2252 Milesiarum
1236 2249 1240 2258 ,

100 2289 156 2352 lih.
183 2305 228 2352 ιι.
251 2287 369 2354 laudat
390 2290 580 2356 Charisius.
609 2289 725 2355 Verba
742 2309 824 2356 vern
840 2287 1024 2371 Fulgentii‚
1039 2288 1155 2354 uthoc
1170 2289 1204 2352 in

100 2399 296 2455 transcursu
311 2411 477 2470 moneam,
499 2409 554 2456 nr.
578 2391 769 2476 Mytholog.
784 2393 821 2454 in
835 2391 951 2455 sabula
961 2390 1132 2473 Psyches,
1147 2391 1205 2456 ubi

12 2543 13 2556 ,
101 2491 257 2558 librorum
275 2493 597 2577 Metamorphoseon
612 2495 816 2558 mentionem
832 2492 926 2570 lacit,
939 2498 1096 2575 corrupta
1107 2498 1205 2555 sunt:

101 2594 204 2672 ‘Seth
231 2594 313 2677 qnia
337 2593 434 2672 haeo,'
455 2595 572 2677 inquit,
595 2594 834 2658 ‘Saturantius
859 2601 895 2656 et
919 2591 1087 2676 Apuleius
1107 2609 1205 2675 paene

101 2695 241 2759 duorum
267 2694 475 2760 coutinentia
496 2695 655 2759 librorum
670 2701 795 2759 tantam
815 2695 1005 2758 falsitatum
1019 2694 1205 2776 congeriem

100 2793 290 2861 enarravit!
333 2794 462 2874 Nullis,
486 2795 578 2878 quod
601 2796 721 2873 seiam,
741 2794 943 2878 scriptorum
957 2794 1093 2858 indiciis
1107 2800 1206 2859 notus

100 2897 151 2962 hio
163 2897 392 2974 saturantius,
401 2915 511 2981 neque
525 2896 613 2961 adeo
628 2897 779 2960 auctoris
788 2913 922 2959 nomen.
967 2895 1134 2962 Mendosa
1145 2914 1205 2962 nu·

100 3005 162 3062 tem
185 2997 357 3080 Fulgentii
379 2999 483 3062 rerba
505 2998 556 3062 ita
576 2996 802 3062 mutuenda:
840 2995 913 3075 Sed,
941 2997 1015 3082 quic
1038 2997 1100 3062 hcc
1121 3007 1206 3060 satu-

100 3100 220 3163 mntius
244 3096 400 3183 Apuleius
418 3119 508 3184 pune
534 3097 664 3162 duorum
697 3096 886 3160 continentie
915 3096 1074 3160 librorum.
1131 3099 1206 3162 Lib.

101 3202 141 3266 de
162 3199 349 3283 Alingonis,
369 3198 427 3264 lib.
439 3201 558 3284 Virgil.
602 3199 673 3264 ‘Ut
689 3199 755 3263 tois
771 3199 980 3264 saturantins
996 3197 1125 3283 aliquid
1146 3198 1205 3263 ad·

100 3303 163 3370 huo
176 3305 345 3368 faciamus
356 3300 515 3386 ingeniis,’
537 3310 572 3368 et
590 3301 805 3370 ‘Saturnntcr
816 3299 895 3364 haee
908 3303 943 3364 in
957 3300 1044 3364 libro
1061 3298 1205 3383 Physio·
1306 3315 1311 3326 ·

100 3405 175 3488 log!
208 3403 439 3470 Tertullianus
453 3403 494 3469 de
509 3404 646 3481 Anima,
665 3402 805 3484 {Cetera
823 3402 1033 3485 Hermippus
1048 3403 1206 3485 quinione
1274 3415 1280 3422 '

101 3506 307 3570 voluminum
328 3505 551 3570 satiatissime
568 3502 760 3568 exhibebit!
803 3501 982 3586 Apologia
998 3503 1081 3586 quid
1096 3515 1205 3587 oppo-

100 3610 185 3672 nasl
210 3609 286 3671 sive
307 3606 543 3690 eloquentiam,
559 3606 632 3669 sive
652 3603 856 3669 reconditam
872 3603 1097 3669 eruditionem
1110 3623 1206 3687 spee-

101 3719 175 3790 tes3
197 3709 322 3773 trasna
336 3709 472 3792 quaeris.
506 3709 590 3774 Eam
606 3709 737 3772 unicam
752 3713 784 3770 et
794 3708 990 3770 continuam
1002 3707 1205 3770 auctoritate

101 3811 182 3876 Diri
198 3811 379 3892 Augustini
395 3810 570 3894 ipsiusque
586 3809 671 3873 adeo
688 3807 850 3872 orationis
871 3806 1072 3872 cohaerentia
1097 3805 1204 3886 aequis

104 3913 304 3978 censoribus
315 3910 391 3976 Viri
407 3911 528 3977 eruditi
538 3910 610 3994 jam
627 3917 875 3996 persuaserunt.
912 3907 955 3972 Et
963 3907 1129 3989 fingamus
1144 3903 1205 3968 du-

103 4015 179 4097 plici
195 4014 329 4078 actione
342 4013 539 4093 recitatum3
562 4031 630 4075 una
648 4011 866 4075 nihilominus
886 4009 995 4075 oratio
1017 4007 1091 4070 erit.
1135 4005 1205 4071 Oh·

105 4117 302 4183 servandurn
326 4121 437 4180 antem
460 4117 611 4198 inprimis
631 4113 804 4178 laudabile
818 4111 964 4177 studium
980 4108 1118 4192 Apuloii
1132 4127 1206 4172 ver-

106 4217 212 4282 tendis
238 4215 441 4281 Graecorum
465 4217 610 4298 scriptis.
654 4213 764 4293 Quale
784 4214 832 4278 sit
851 4212 947 4290 illud,
971 4211 1006 4275 in
1035 4209 1205 4296 Apologia
