2914 4770
223 349 268 416 26
626 365 786 416 neucsrr
812 367 914 415 vrrn.

186 573 187 576 ,
222 508 288 574 frui
302 507 355 573 bis
370 507 513 586 deliciis,
529 515 576 587 et,
590 508 620 573 si
635 529 711 592 quae
723 505 762 572 ¹in
779 509 833 574 'iis
849 509 1013 575 stomachi
1029 509 1135 576 nostri
1149 511 1327 578 infirmita·

225 616 296 676 tem
316 612 495 688 solverent,
518 618 622 678 cauta
644 613 882 677 observatione
906 613 1088 694 sublegere,
1103 619 1138 678 et
1151 615 1194 678 ab
1210 633 1329 679 eorum

224 719 381 778 contactu
403 719 587 796 temperare
605 715 730 796 potius,
745 734 847 797 qnam
862 719 970 779 totum
988 715 1179 780 inconsulta
1192 718 1328 781 temeri·

224 821 293 882 tate
308 814 473 880 damnare.
517 815 585 880 Sed
600 835 654 880 nm
670 835 733 898 ego
748 816 935 900 imperitus,
950 817 1010 900 qui
1032 835 1169 882 cansam
1186 817 1328 901 Apuleii

225 937 335 1001 agam,
350 935 428 983 cum
443 923 532 982 recte
554 916 732 982 sentientes
755 923 973 982 accusatores
986 937 1051 982 non
1074 917 1189 983 babet.
1233 917 1327 998 Quin

225 1020 338 1103 potius
351 1020 515 1086 cohibebo
537 1037 604 1097 me,
628 1027 662 1084 et
685 1026 898 1091 contemnam
913 1019 1029 1083 stultis
1045 1025 1081 1084 et
1094 1021 1259 1103 imperitis
1274 1041 1328 1084 re-

225 1119 400 1203 spondere,
416 1121 551 1204 quibus,
571 1127 608 1186 ut
621 1122 747 1204 pneris,
774 1123 890 1186 terrori
905 1139 1012 1185 rerum
1031 1123 1169 1200 umbrat,
1191 1141 1269 1188 cum
1284 1119 1327 1184 de

225 1221 314 1307 ipsis
329 1223 525 1306 corporibus
546 1241 666 1306 parum
689 1229 836 1300 constat,
859 1241 937 1307 qum
964 1221 1084 1286 intueri
1106 1227 1165 1287 ant
1189 1230 1328 1305 tangere

225 1330 388 1388 verentur.
432 1322 566 1407 Nempe
590 1331 755 1407 spemnnt
782 1343 860 1408 quar
887 1326 1052 1406 ignorant,
1073 1329 1109 1387 et
1129 1323 1329 1388 difficultate

227 1424 334 1488 territi
349 1423 529 1490 admovere
546 1445 667 1510 manus
680 1441 749 1490 non
774 1424 904 1491 audent.
948 1424 1021 1508 Ego
1038 1425 1187 1508 prolecto
1202 1425 1329 1510 grande

226 1545 340 1610 operae
363 1528 505 1611 pretinm
527 1528 600 1606 tuli,
629 1528 722 1611 qnod
749 1527 862 1592 Genio
886 1545 960 1590 meo
988 1526 1206 1609 paucissimis
1235 1526 1331 1591 hisce

226 1627 319 1692 boris
340 1629 449 1714 litavi.
494 1627 588 1708 Quid
611 1629 699 1692 enim
726 1629 844 1693 attinet
867 1627 1011 1693 circuitu
1037 1628 1158 1708 ageret
1189 1627 1332 1712 Semper

228 1727 316 1794 adeo
339 1735 522 1794 amatorem
546 1748 600 1794 me
622 1728 741 1794 habuit
764 1727 943 1812 Apuleius,
959 1728 1003 1792 ad
1026 1727 1124 1811 cujus
1146 1727 1330 1793 lectionem

228 1832 332 1896 etiam
348 1832 466 1916 primis
489 1833 588 1896 annis
617 1833 806 1915 impetuose
829 1832 1008 1914 rapiebar:
1030 1849 1097 1893 non
1111 1829 1330 1913 quodplace-

227 1938 300 1998 rent
326 1933 438 1999 dulcia
459 1934 518 1998 illa
540 1934 633 2013 vitia,
656 1939 715 1998 aut
740 1931 835 2017 quod
856 1950 1056 2017 magnopere
1092 1951 1146 1994 me
1170 1940 1331 2014 caperent

229 2033 375 2100 Milesiae
391 2043 427 2099 et
444 2035 479 2100 id
494 2053 597 2118 genus
618 2041 832 2116 nugamenta,
847 2052 925 2115 quaa
941 2051 984 2096 ne
1005 2031 1171 2096 tralatitia
1193 2033 1331 2116 quidem

228 2136 369 2202 lectione
386 2137 515 2219 dignari
532 2138 636 2214 soleo,
658 2142 693 2200 et
716 2135 875 2217 aquibus
890 2133 990 2198 etiam
1005 2133 1063 2197 illa
1078 2139 1181 2198 aetate
1198 2132 1332 2218 judicio

230 2237 471 2318 abhorrebam3
486 2235 697 2323 (quanquam
714 2244 750 2301 et
765 2236 887 2299 summi
902 2235 965 2298 viri
981 2235 1025 2300 ad
1039 2235 1137 2299 lusus
1150 2243 1187 2299 et
1199 2253 1332 2302 amores

229 2340 412 2404 narrandos
437 2338 690 2416 descendemnt,
705 2344 741 2402 et
756 2337 963 2422 gravissimae
982 2337 1141 2430 doctrinae
1155 2345 1333 2421 praecepta

230 2439 368 2506 ludicris
381 2442 456 2505 istis
471 2447 722 2525 temperarunt:
745 2457 888 2522 qnorum
905 2437 1061 2521 exemplo
1087 2438 1248 2502 incitatus
1268 2438 1333 2503 ali-

231 2541 489 2625 quandosimile
512 2549 742 2624 argumentum
766 2541 918 2623 suscepi,
933 2559 997 2604 nec
1021 2540 1095 2606 visa
1117 2547 1170 2606 est
1192 2540 1334 2605 eruditis

231 2642 371 2727 illepida
385 2663 522 2728 prorsus
538 2649 573 2708 et
586 2644 757 2726 inelegans
777 2640 995 2723 compositio,
1017 2640 1115 2723 cnjus
1138 2642 1332 2726 praecipuus

231 2743 308 2810 linis
323 2754 360 2810 ut
374 2746 489 2812 Latini
505 2747 667 2810 sermonis
677 2764 794 2830 parum
808 2743 928 2828 peritis
945 2744 1110 2826 eriperem
1124 2742 1245 2808 salsam
1259 2762 1334 2826 per·

233 2847 436 2924 suasionem,
452 2865 521 2929 qua
543 2846 751 2909 imbiberunt
771 2845 901 2909 Latinae
932 2843 1073 2926 Linguae
1097 2850 1225 2908 tanturn
1244 2845 1333 2926 rigo-

233 2965 315 3026 rem,
330 2948 379 3010 ita
393 2948 482 3010 enim
498 2953 630 3023 vocant,
645 2958 684 3010 ut
698 2947 786 3010 flecti
801 2945 845 3010 ad
865 2945 929 3010 bas
944 2942 1093 3009 Veneres
1106 2964 1173 3011 non
1188 2947 1298 3030 possit
1306 2943 1336 3030 ι)

234 3047 296 3114 sed
310 3049 463 3115 trahebat
482 3068 536 3113 me
551 3066 738 3114 consensus
753 3047 971 3131 ingeniorum,
986 3047 1169 3131 rel'potius
1182 3049 1336 3132 proprie·

233 3157 287 3216 tas
301 3151 455 3236 quaedam
481 3160 516 3214 et
540 3150 723 3235 peculiaris
747 3150 853 3232 gratia
876 3147 1061 3231 Apuleiani
1081 3149 1214 3230 ingenii,
1231 3169 1335 3232 quam

234 3254 347 3317 sentio
362 3261 397 3316 et
415 3252 566 3334 intelligo
581 3251 698 3334 potius
720 3270 821 3334 qnam
845 3247 993 3333 protero,
1012 3255 1051 3313 ut
1072 3268 1140 3313 non
1162 3250 1276 3315 dicam
1291 3251 1336 3316 de

235 3360 332 3419 secta
347 3353 526 3419 Platonica
539 3359 572 3417 et
586 3360 658 3417 tota
671 3350 933 3436 philosophandi
950 3355 1091 3418 ratione.
1136 3352 1232 3417 Nihil
1248 3353 1336 3419 adeo

234 3460 270 3519 et
283 3472 347 3518 nos
369 3473 533 3532 amamus,
554 3452 637 3518 nibil
659 3454 826 3531 novimus,
848 3452 914 3517 nisi
936 3452 1069 3530 festum,
1093 3459 1130 3518 et
1148 3455 1275 3534 laetunr,
1301 3464 1338 3522 et

236 3574 404 3640 superum,
418 3563 452 3620 et
466 3555 617 3631 coeleste,
632 3562 671 3619 ut
693 3555 758 3619 rite
773 3555 915 3620 decebat
936 3553 1103 3618 bominem
1117 3555 1246 3638 optimo
1257 3557 1336 3622 loco

235 3666 362 3736 natum,
377 3665 412 3721 et
430 3657 615 3723 liberaliter
629 3656 816 3720 educatum.
853 3655 952 3719 Salva
966 3655 1079 3737 igitur,
1092 3656 1174 3720 mibi
1184 3655 1337 3740 jucunda

236 3760 360 3838 anima,
375 3759 483 3823 athas
505 3758 660 3836 corollas,
675 3777 762 3844 quas
777 3758 888 3843 sparsi
903 3757 949 3824 ad
966 3757 1140 3837 tumulum,
1152 3758 1227 3844 jam
1241 3777 1336 3826 ares·

236 3865 350 3926 centes
363 3857 628 3943 lubensexcipa
