2914 4770
228 321 273 388 30
522 331 758 382 arsurumne
785 330 834 378 nn
858 329 1037 380 auunnro.

229 481 311 547 citia
326 479 502 546 Damonis
523 476 739 562 gratulanda:
760 475 804 540 de
819 494 888 559 qua
909 491 1019 560 nsque
1034 473 1165 539 ddecet
1185 473 1263 556 ipse
1284 471 1335 538 A·

229 583 367 667 puleius
392 581 536 657 erubuit,
558 585 597 644 nt
621 577 684 642 De
700 577 777 642 Dec
801 576 953 642 Socratis
974 581 1180 660 praenotaret
1191 575 1334 641 librum:

229 704 341 770 quem,
363 681 547 748 secundnm
561 697 657 744 snam
676 679 951 762 disputationem,
967 698 1034 763 qun
1050 675 1146 744 Deos
1161 698 1184 743 u
1195 679 1336 743 Daemo-

228 786 329 850 nibns
355 790 422 848 tum
446 783 620 864 diligenter
642 782 853 865 copioseque
867 780 1041 858 discernit,
1062 799 1129 846 non
1156 780 1335 864 appellere

230 887 284 950 De
298 886 384 964 Deo,
407 883 466 950 sed
481 885 534 949 De
550 884 714 949 Deemone
728 883 881 950 Socratis
896 882 1022 947 debuit.
1066 881 1192 948 Maluit
1207 883 1273 948 hoc
1297 883 1335 946 in

227 991 306 1074 ipsa
328 987 572 1071 disputatione,
595 1005 696 1070 qnam
721 986 755 1049 in
780 983 884 1050 titulo
900 984 976 1056 libri
991 1003 1130 1068 ponere.
1174 983 1230 1048 lta
1245 985 1336 1049 enim

229 1110 289 1176 per
314 1108 432 1154 sanam
446 1087 648 1166 doctrinam,
668 1107 745 1172 quae
769 1088 924 1152 humanis
946 1086 1049 1152 rebus
1064 1085 1193 1164 illuxit,
1217 1104 1337 1152 omncs

228 1193 285 1256 vel
309 1207 408 1275 paene
434 1207 553 1254 omnes
576 1189 752 1257 Deemonis
766 1207 887 1252 nomen
900 1187 1097 1268 exhorrent3
1120 1194 1161 1252 ut
1175 1187 1336 1273 quisquis

230 1299 308 1359 ante
323 1291 586 1376 disputationem
602 1289 754 1374 Apuleii,
770 1308 837 1374 qna
859 1289 1061 1354 Daemonum
1071 1288 1219 1370 dignitas
1240 1308 1336 1355 com·

229 1395 415 1472 mendatnr,
451 1393 585 1458 titulum
613 1393 691 1458 libri
725 1392 781 1457 De
813 1391 976 1456 Daemone
1009 1389 1164 1455 Socratis
1196 1392 1336 1472 legeret,

230 1515 444 1581 nequaqnam
457 1495 552 1560 illum
573 1493 744 1560 hominem
771 1512 890 1559 sanum
915 1491 1019 1557 fnisse
1043 1494 1193 1558 sentiret.
1238 1491 1336 1572 Quid

230 1603 343 1662 autern
360 1596 463 1661 etium
478 1596 554 1679 ipse
569 1595 749 1678 Apuleius,
764 1593 856 1678 qnod
872 1593 907 1657 in
922 1594 1146 1660 Doemonibns
1170 1593 1339 1672 laudaret,

229 1698 367 1775 invenit,
397 1703 522 1779 praeter
559 1696 776 1760 subtilitatem
807 1701 843 1758 et
864 1693 1052 1758 firmitatem
1079 1713 1272 1778 corporum,
1301 1703 1339 1762 et

228 1799 446 1864 habitationis
456 1797 608 1862 altiorem
623 1798 764 1862 locumt
788 1795 823 1862 N
824 1815 879 1860 am
895 1795 1097 1861 demonibus
1113 1815 1241 1875 eorum,
1256 1816 1336 1862 cum

231 1901 274 1966 de
296 1901 453 1965 omnibus
477 1901 672 1983 generaliter
689 1900 896 1986 loqueretur,
922 1917 990 1963 non
1015 1899 1125 1964 solum
1145 1899 1231 1964 nihil
1254 1901 1338 1966 boni

230 2002 328 2079 dixit.
343 1999 403 2066 sed
417 2001 519 2066 etiam
535 2001 717 2085 plurimum
731 2001 824 2066 mali.
870 2000 1042 2085 Denique,
1057 2000 1148 2066 lecto
1162 2001 1223 2066 illo
1237 2002 1338 2078 libro,

228 2121 366 2187 prorsus
381 2121 482 2168 nemo
496 2103 649 2181 miratur,
662 2123 723 2168 eos
746 2104 848 2168 etiarn
863 2103 1033 2166 scenicam
1047 2101 1285 2186 turpitudinem
1301 2105 1339 2168 in

230 2204 332 2269 rebus
346 2202 472 2268 divinis
487 2203 610 2268 habero
624 2204 798 2268 voluisse:
820 2209 865 2281 et,
882 2222 958 2268 cnm
975 2202 1072 2268 Deos
1086 2224 1124 2269 ee
1139 2206 1250 2287 putari
1265 2205 1339 2270 vel-

230 2306 310 2382 lent,
326 2305 477 2370 Deorum
500 2305 699 2369 criminibus
713 2305 878 2369 oblectari
891 2304 1059 2386 potuisse,
1074 2315 1109 2370 et
1122 2304 1285 2389 quicquid
1300 2306 1338 2370 in

231 2424 347 2469 eorum
369 2407 479 2471 sacris
504 2407 668 2471 ohscoena
696 2407 910 2484 solennitate,
942 2425 1005 2470 sen
1028 2407 1116 2489 turpi
1139 2406 1339 2472 crudelitate

232 2505 286 2572 vel
299 2506 439 2586 ridetur,
454 2507 508 2573 vel
524 2506 684 2586 horretur,
698 2525 812 2572 eorum
825 2505 1004 2571 affectibus
1015 2508 1207 2574 convenire.

549 2685 644 2752 Idem
661 2689 781 2754 eodem
796 2687 856 2753 lib.
871 2709 948 2772 cup.
963 2689 1018 2755 19.

277 2815 456 2883 Postremo
470 2819 544 2900 ipse
561 2817 730 2901 Apuleius
745 2820 908 2904 numquid
935 2821 1027 2904 apud
1041 2819 1183 2887 Judices
1199 2821 1340 2888 Christi-

233 2933 318 2980 unos
332 2915 374 2980 de
389 2915 539 3000 Magicis
556 2920 685 2984 artibus
700 2927 883 2985 accusatus
897 2924 977 2987 esti

708 3106 755 3171 Et
775 3114 875 3192 post:

278 3237 392 3322 Hujus
408 3245 517 3304 entem
533 3239 738 3323 Philosophi
749 3241 919 3307 Platonici
934 3245 1174 3328 copiosissima
1185 3254 1219 3312 et
1232 3247 1338 3312 diser·

233 3340 366 3404 tissima
387 3345 483 3405 extat
506 3339 637 3419 Oratio,
653 3361 732 3425 quoe
756 3344 880 3410 crimen
896 3347 1017 3411 artium
1037 3346 1247 3431 Megicarnm
1264 3368 1286 3414 a
1301 3369 1339 3412 se

234 3441 380 3506 alienum
401 3459 478 3504 esse
502 3439 676 3507 defendit:
699 3463 804 3527 sequa
828 3447 923 3512 aliter
944 3467 1009 3512 non
1033 3450 1107 3513 vult
1124 3451 1338 3515 innocentem

234 3540 353 3619 videri,
373 3542 440 3604 nisi
469 3561 511 3606 ea
539 3543 695 3626 negando
725 3565 802 3629 qnae
831 3567 898 3613 non
925 3556 1071 3635 possunt
1093 3552 1136 3615 ab
1158 3553 1338 3618 innocente

236 3642 410 3708 committi.

598 3780 694 3848 Idem
707 3783 767 3848 lib.
782 3805 817 3850 x.
833 3803 897 3868 cup
921 3784 979 3854 27.
1083 3853 1085 3860 ,

278 3912 416 3993 Quanto
453 3910 630 3980 humanius
666 3924 701 3982 et
733 3918 943 3985 tolerabilius
976 3926 1222 3987 consectaneus
1257 3928 1339 3988 tuus

235 4013 435 4184 {lemnicus
457 4015 623 4104 Apuleius
639 4021 773 4101 erravit,
789 4022 846 4106 qui
869 4023 1103 4090 tantummodo
1120 4024 1302 4091 Daemones
1318 4045 1340 4091 a

267 4135 344 4196 nna,
358 4121 420 4183 duc.
