2914 4770
433 709 1140 836 PRAEFATIO.

650 951 904 972 dra-unauna—

482 1107 703 1202 AEQUO
755 1099 1086 1201 LECTORI

723 1345 758 1410 S.
804 1345 847 1409 D.

387 1566 617 1648 DAVID
679 1565 1178 1644 RUHNKENIUS·

236 1984 336 2076 Duo
361 2012 545 2094 scriptores
567 2012 624 2076 vel
648 2011 801 2093 inprimis
824 2012 955 2076 nubiles
975 2029 1021 2074 ex
1035 2007 1275 2074 Antoninorum
1290 2021 1338 2070 ae*

235 2119 317 2190 tate,
340 2111 471 2178 Gellius
494 2119 528 2178 et
547 2108 726 2194 Apuleius,
750 2131 837 2191 cum,
862 2112 1049 2194 eloquentia
1069 2107 1187 2174 sarculi
1203 2106 1256 2172 sui
1270 2121 1338 2172 uon

235 2215 395 2290 conteuti,
409 2213 579 2278 meliorem
594 2218 790 2296 quaererent,
808 2213 940 2296 judicio
955 2212 1056 2294 lapsi,
1071 2212 1107 2274 in
1123 2210 1216 2275 aliud
1232 2226 1337 2291 genus

235 2317 342 2396 magis
365 2316 524 2380 vitiosum
549 2315 750 2379 inciderunt.
795 2313 883 2378 (lum
908 2313 999 2377 euim
1025 2331 1122 2377 omne
1143 2315 1235 2376 recte
1256 2309 1339 2374 scri-

235 2415 337 2479 bendi
352 2416 528 2481 consilium
542 2416 584 2480 ad
599 2415 698 2479 unius
715 2413 902 2492 Ciceronis,
928 2421 964 2477 et
978 2419 1017 2476 ut
1030 2414 1173 2495 quisque
1186 2411 1220 2475 ei
1234 2409 1340 2474 simil·

234 2515 338 2580 limus
355 2523 420 2592 est,
435 2535 588 2581 normam
603 2515 745 2596 dirigere
762 2513 972 2591 debuissent,
988 2531 1058 2576 nou
1072 2511 1099 2576 ii
1121 2510 1259 2594 quidem
1279 2530 1340 2595 op*

235 2616 336 2680 timos
350 2615 431 2680 illos
447 2617 582 2679 omniuo
598 2615 815 2697 reliquerunt,
831 2613 892 2676 sed
907 2619 1020 2676 tamen
1043 2630 1250 2676 cumeorum
1264 2612 1341 2676 imi-

234 2717 360 2782 tatione
383 2715 563 2800 scriptores
586 2735 631 2779 ex
652 2714 771 2778 ultime
792 2713 991 2796 antiquitate
1011 2713 1172 2795 repetitos
1194 2713 1246 2776 ita
1258 2730 1341 2777 cou-

230 2815 426 2898 junxerunt,
441 2823 479 2878 ut
499 2815 600 2878 modo
615 2833 690 2877 cum
706 2811 880 2890 Cicerone,
896 2812 1042 2892 Caesare,
1065 2813 1176 2891 Livio,
1198 2819 1233 2878 et
1247 2813 1341 2879 simi·

235 2918 335 2992 libus,
365 2915 466 2979 modo
495 2934 572 2980 cum
604 2913 753 2977 Evandri
781 2919 889 2978 matre
918 2915 1011 2998 loqui
1037 2916 1240 2980 viderentur.
1283 2912 1340 2979 Ac

236 3017 367 3083 Gellius
381 3015 515 3099 quidem
529 3016 565 3079 iu
578 3014 641 3078 hac
657 3013 814 3098 κακοζηλίᾳ
830 3015 933 3098 paulo
954 3015 1164 3082 moderatius
1188 3019 1340 3082 versatus

236 3126 299 3195 est,
313 3138 375 3182 uec
389 3122 509 3181 temere
523 3124 558 3180 et
572 3118 700 3199 passim
715 3118 818 3182 verba
832 3117 968 3186 exoleta
981 3119 1132 3202 arripuit,
1148 3116 1209 3181 sed
1223 3137 1243 3181 e
1255 3117 1339 3180 solis

236 3217 305 3280 feru
318 3217 467 3281 Cornicis
481 3217 606 3298 priscis
615 3237 725 3282 'voces
752 3238 792 3282 ac
815 3217 979 3286 formulas
996 3217 1249 3301 exquisitiores,
1265 3219 1339 3300 qui-

235 3319 301 3382 bus
316 3319 503 3383 orationem
527 3339 621 3382 suam
642 3319 875 3400 distingueret,
899 3319 1029 3386 libavit.
1073 3316 1176 3395 Quod
1200 3318 1340 3399 pulchre

235 3419 321 3484 vidit
341 3419 481 3502 Lipsius
504 3419 640 3484 Praelat.
664 3419 707 3484 ad
730 3421 910 3486 Senecam:
934 3421 1019 3498 ‘'I'u,
1042 3418 1168 3503 Agelli,
1182 3438 1250 3484 nou
1272 3421 1339 3484 nisi

236 3526 366 3584 veteres
381 3520 541 3585 Comicos
562 3529 595 3588 et
618 3521 707 3585 Latii
729 3523 905 3605 puritatem
925 3522 1079 3601 sectaris,
1102 3526 1136 3586 et
1156 3520 1339 3604 exprimis:

234 3621 410 3686 fatendum
434 3622 505 3686 est'
549 3621 649 3700 Quod
673 3623 840 3706 judicium
862 3643 939 3688 cum
961 3623 1173 3687 verissimum
1196 3621 1252 3698 sit,
1274 3641 1337 3686 uec

236 3721 380 3786 obscuro
395 3720 473 3786 loco
487 3723 649 3805 positum,
659 3725 773 3788 mirari
789 3724 946 3801 subitus
961 3742 1065 3786 unum
1082 3723 1217 3807 quidem
1232 3729 1339 3788 extet

236 3822 339 3886 Gellii
362 3821 617 3906 Interpretibus‚
639 3825 705 3888 nisi
727 3825 812 3888 sorte
826 3824 860 3888 J.
878 3823 917 3887 F.
938 3823 1146 3889 Gronovium
1167 3824 1338 3907 excipias,

237 3921 280 3986 ad
300 3931 369 3988 tem
381 3925 595 4007 perspicuum
616 3931 650 3990 et
671 3929 721 3991 tot
739 3926 890 4008 vestigiis
910 3927 1108 4008 impressam
1124 3925 1339 3991 comicorum

236 4024 455 4090 imitationem
486 4024 679 4089 attendisse.
725 4028 805 4106 Quo
827 4029 937 4091 minus
962 4027 1078 4092 dubito
1109 4029 1239 4092 futuros
1263 4027 1339 4112 ejus

238 4124 405 4203 Editores,
422 4128 521 4209 quasi
546 4129 788 4211 praetereundo,
805 4127 993 4205 admonere,
1007 4137 1056 4210 ut,
1072 4130 1102 4194 si
1118 4131 1152 4192 iu
1167 4147 1208 4192 eo
1224 4147 1338 4193 receu-
