2914 4770
230 269 274 334 42
701 278 856 331 leucari

231 427 445 511 fortunasque
465 426 634 492 bominum
647 425 683 490 in
698 425 783 490 alias
798 425 959 508 imagines
974 419 1175 499 conversas,f
1191 429 1224 488 ei
1237 423 1273 487 in
1289 443 1328 488 se

230 587 292 637 retia
302 589 388 636 sarissa
403 589 426 635 ct
438 582 531 643 formas
545 583 663 633 lomim
679 587 784 632 marsim
800 582 826 631 irs
842 582 904 631 olias
921 583 1019 646 species,
1029 586 1053 631 sl
1069 582 1154 631 ilerum
1169 581 1292 632 restitutas
1303 582 1330 630 ia

689 726 873 748 mmo

491 806 712 870 lpsaiarsqsr'dera

424 872 487 921 Hae
497 873 561 920 roris
570 872 703 920 immutatio
718 870 854 920 desultoria

425 936 495 999 Stylo
506 937 638 996 respondet,
646 950 712 998 quem
722 935 869 990 arcessimus,
878 933 994 984 scientie.

491 997 676 1058 Nsacscinlusrr
688 998 852 1048 Graecanicam

426 1062 554 1125 Incipiam:
570 1063 674 1123 intrude,
682 1065 765 1122 lector,
775 1067 798 1111 et
808 1061 942 1111 laetaberis:

231 1135 261 1180 ut
270 1127 298 1178 rb
307 1128 446 1177 armaricam
457 1126 599 1189 penultima
609 1127 685 1190 longa
697 1126 732 1175 ait
743 1126 915 1186 ab‚arcesslo.
948 1125 1045 1172 Verum
1065 1123 1100 1184 id,
1119 1123 1189 1187 quod
1207 1123 1240 1174 de
1257 1125 1333 1173 vocis

230 1192 410 1242 immutatione
421 1190 497 1252 dixit,
507 1204 559 1240 non
570 1191 645 1240 aliter
655 1189 730 1239 nobis
741 1190 897 1254 persuadere
913 1195 1008 1251 potest,
1020 1203 1095 1251 qnam
1111 1191 1163 1253 jam
1181 1203 1269 1238 sersus
1286 1189 1332 1236 bic

232 1257 360 1306 desinere.
391 1254 443 1305 Sed
455 1263 483 1303 et
493 1254 567 1317 bajus
579 1254 748 1318 conjecturas,
767 1261 796 1303 ut
808 1261 836 1302 et
847 1254 954 1302 aliarum
968 1263 1113 1300 nostrarum
1126 1251 1236 1301 omnium
1249 1266 1332 1315 penes

232 1327 270 1380 ta,
282 1319 493 1382 praestantissime
511 1319 694 1378 Elmenhorati,
707 1317 835 1383 judicium
855 1325 920 1366 esto.
936 1317 993 1366 doli.
1012 1317 1162 1376 Ratgerrins.
1194 1317 1265 1364 Scite
1282 1315 1333 1362 bos

233 1399 323 1433 sersus
333 1383 359 1432 in
370 1397 490 1432 numeros
501 1383 602 1446 redegit
613 1383 724 1432 amiciis.
735 1383 825 1431 rioster
837 1381 1001 1443 Rirtgersirra‚
1012 1395 1086 1444 quern
1106 1379 1158 1427 adi.
1175 1381 1282 1428 Elasslr.
1304 1381 1333 1428 irs

233 1448 348 1498 Διά-4
367 1448 467 1497 Fabarias
483 1449 583 1509 scripta
602 1447 680 1497 lectio
698 1454 724 1496 et
742 1446 823 1495 omnis
839 1459 937 1494 excusa
955 1445 1024 1492 olim.
1067 1444 1269 1492 Concinnatores
1286 1443 1335 1492 isti

232 1526 353 1561 versuum
366 1520 533 1575 reposuerant
539 1510 651 1570 fabellas.
668 1510 782 1560 Colvius.
816 1510 923 1559 Fabelloa
935 1509 960 1556 in
974 1507 1039 1557 Erld.
1050 1507 1125 1558 Jnnt.
1136 1513 1159 1556 l.
1177 1507 1237 1556 litt.
1249 1507 1333 1557 Basil.

234 1581 258 1624 1.
276 1575 333 1625 Col.
349 1575 442 1625 contra
454 1577 518 1624 blas.
535 1588 632 1636 omues,
649 1581 676 1623 et
693 1572 858 1624 Beroaldrrm.
878 1575 990 1620 ond-5
1009 1573 1074 1621 Fas.
1093 1572 1220 1632 conferam.
1237 1571 1334 1621 libold.

232 1643 282 1688 -a
299 1639 417 1699 colinari,
427 1641 488 1688 Bas.
500 1643 525 1688 1.
540 1643 610 1700 atque
619 1652 688 1687 aures
697 1643 760 1686 lasa.
777 1638 849 1687 Cols.
881 1637 949 1685 Item
960 1635 1036 1686 Jrrnt.
1048 1641 1072 1686 l.
1084 1645 1110 1684 et
1124 1635 1185 1684 ald.
1196 1636 1229 1684 ob
1240 1650 1334 1686 versus

233 1702 374 1764 fictionem,
402 1711 493 1752 contra
514 1703 578 1751 Mss-
603 1703 714 1752 Ona-r
733 1703 797 1750 Fors.
819 1699 909 1748 bibulos
931 1701 1038 1762 pulchre
1061 1699 1165 1762 poitica
1183 1699 1334 1750 tralatione.

233 1765 357 1818 Beroald.
369 1766 441 1815 alias.
452 1766 556 1816 Persius
567 1765 654 1828 satyr.
667 1778 707 1814 rr.
724 1766 799 1814 ‘Nec
811 1765 947 1828 quicquam
966 1765 1061 1826 populo
1080 1763 1181 1812 bibulas
1193 1762 1334 1812 donaveris

234 1829 337 1880 aureis!
368 1831 510 1880 Larentina
528 1829 692 1891 Augustino:
717 1828 762 1879 ‘Si
783 1842 881 1878 mernor
899 1829 956 1890 ipae
974 1829 1025 1876 mei
1044 1827 1157 1876 bibulam
1174 1828 1217 1891 qni
1237 1827 1336 1888 ponitis

234 1893 339 1944 aurern!
356 1893 443 1944 Rould.
486 1894 609 1956 Plerique
630 1893 690 1942 libri
710 1891 878 1954 manuscripti
897 1891 1005 1948 bibulus.-
1027 1900 1056 1940 ut
1074 1891 1195 1940 Persius:
1213 1891 1336 1954 ‘Populo

233 1957 335 2007 bibulas
353 1958 488 2007 donaveris
504 1956 596 2007 sores.'
612 1958 701 2006 Jonas.
720 1956 900 2006 aWrswerus.
938 1955 1070 2008 Benivolos.
1103 1957 1148 2004 Sic
1166 1955 1336 2017 manuscripti

234 2021 388 2072 Florentinl.
422 2021 538 2084 Scaliger
553 2021 644 2069 bibslm
663 2021 734 2083 legit.
755 2021 912 2070 [lineola—8
929 2020 981 2068 Μι.
997 2019 1115 2082 AEgypts'a
1133 2020 1229 2080 argutia
1247 2019 1336 2067 illoticr‘

232 2087 280 2134 cal.
297 2086 371 2135 Cois.
404 2086 503 2149 Vulgo:
520 2101 544 2148 p.
556 2085 695 2148 AEgyplicm
714 2091 742 2134 ts
759 2085 857 2146 argalio
869 2084 902 2132 Ν.
913 2099 935 2133 c.
976 2082 1095 2132 sedulius
1114 2083 1140 2131 in
1160 2083 1250 2144 Opera
1268 2084 1336 2131 Pas·

233 2149 301 2198 ebali
320 2149 400 2212 capii.
412 2150 512 2212 primo:
530 2149 682 2198 ‘Nonnulla
703 2149 782 2198 etiarn
803 2147 908 2210 probra,
929 2147 1083 2195 narrationis
1106 2154 1163 2196 arte
1183 2147 1336 2208 composita,

235 2212 331 2262 Niliaci
352 2227 452 2276 papyro
472 2213 578 2278 gurgitis
597 2214 697 2262 calamo
718 2218 855 2275 perarante
874 2209 1048 2260 contradunt!
1080 2211 1199 2274 Fulgent.
1222 2212 1336 2274 Nytbol.

232 2276 278 2326 lib.
289 2290 308 2326 ι.
324 2278 471 2341 ‘Quicquid
484 2277 549 2326 libet
561 2275 668 2326 Niliacis
679 2291 787 2325 exarare
798 2273 923 2338 papyris!
950 2273 1029 2324 Osid.
1039 2274 1083 2324 lib.
1094 2288 1143 2323 xv.
1155 2275 1335 2338 Metamorplr.

233 2341 242 2369 ‘
257 2341 360 2405 Perque
380 2340 522 2405 papyriferi
534 2339 688 2402 septemflua
697 2339 802 2388 flamina
818 2339 873 2388 Nili
884 2337 1015 2387 Victrices
1026 2337 1108 2399 egisse
1120 2339 1207 2388 rates!
1221 2340 1334 2389 Elmerls.

234 2408 283 2452 —e
300 2399 427 2466 Inspicere.
444 2406 479 2454 Et
490 2404 656 2467 lsocisti,qui
675 2418 763 2453 versus
782 2417 839 2452 esse
859 2401 993 2462 volebant,
1013 2405 1188 2452 sustulerant:
1208 2412 1236 2451 ut
1253 2404 1337 2452 etiam

235 2467 304 2530 quod
316 2468 394 2531 paulo
405 2474 466 2533 post
477 2477 526 2527 est,
532 2468 702 2531 fortunasqner
720 2467 789 2532 quod
800 2467 900 2516 scilicet
912 2466 1012 2514 numeri
1029 2467 1123 2530 integri
1135 2467 1211 2514 aliter
1221 2467 1269 2516 sibi
1282 2482 1335 2516 non

234 2530 394 2582 viderentur.
413 2534 479 2582 cols.
511 2533 563 2582 Μι.
575 2533 641 2582 Fris.
653 2533 776 2595 inspicere,
787 2536 810 2580 ct
822 2531 918 2596 figuras
929 2531 1086 2592 fortunasque
1101 2531 1229 2590 bominum,
1244 2532 1336 2580 nescio

234 2608 310 2658 quam
322 2604 403 2646 reete.
422 2597 507 2646 Roald.
541 2597 757 2656 Quldsiaptiusz
769 2592 925 2656 sumasque?
942 2594 1093 2644 Wowerios.
1126 2594 1337 2657 Allifanumque

231 2659 342 2712 hominia
359 2660 572 2712 Elmenborslius.
605 2661 658 2711 Ms.
670 2660 763 2712 Bemb.
781 2663 806 2709 et
817 2659 915 2724 figuras
925 2656 1062 2722 formasque
1079 2660 1103 2708 ll.
1121 2660 1233 2708 Putean.
1268 2661 1336 2708 Mox

728 2803 834 2855 NOTlE

233 2899 333 2949 marnlt
360 2899 486 2964 Scaliger,
511 2916 598 2966 qnam,
622 2905 652 2956 ot
678 2901 764 2963 vulgo,
806 2899 976 2963 gracilitatem
988 2898 1149 2964 fastigiatus!
1167 2900 1207 2948 Ex
1219 2898 1268 2948 boe
1280 2897 1338 2947 fru-

235 2973 365 3025 bmerolos.
389 2973 765 3032 ercdetiamcodfirnratwo-
805 2974 857 3024 tica
868 2973 1340 3037 elrartatiebataectoinpratenses,
1430 2991 1434 2998 ·

233 3050 492 3102 veriusauttoritate
504 3053 566 3103 Mss.
585 3053 763 3116 plurimorum.
805 3049 850 3099 sed
878 3065 954 3114 quam
981 3050 1118 3099 latissimas
1141 3050 1243 3110 lanias,
1269 3064 1338 3113 quas

234 3123 271 3173 Et
288 3133 361 3176 certe
372 3141 422 3177 non
442 3137 482 3178 est
499 3142 547 3177 cor
557 3127 765 3178 benevolentiam
805 3125 906 3176 Plinius
917 3126 1032 3189 pbilyras
1049 3140 1095 3174 reu
1111 3125 1236 3188 pbillyras
1248 3135 1338 3174 vocat.

234 3206 326 3260 captet
355 3202 401 3265 qui
430 3203 548 3252 illilaaias
576 3207 678 3267 ιιιιιιις
701 3203 765 3253 satia
805 3202 914 3251 Modum
926 3211 953 3251 et
963 3200 1087 3252 fabricam
1098 3215 1209 3263 omnem,
1224 3208 1252 3251 et
1262 3203 1338 3252 saria

234 3271 302 3321 euim
313 3287 400 3338 perae
415 3274 480 3338 ipsa
498 3277 610 3338 placent.
643 3275 764 3326 ‘Bibule
805 3290 903 3340 genera
919 3278 1067 3327 chartarum
1086 3276 1169 3328 forins
1188 3278 1247 3326 side
1266 3279 1339 3341 apud

237 3345 326 3394 anres'
346 3354 416 3409 aaut,
432 3347 554 3397 audiendi
566 3349 658 3398 asida.
692 3350 765 3399 ‘Va
806 3352 917 3401 eundern
935 3352 1006 3402 Plin.
1033 3353 1099 3403 libro
1120 3366 1197 3416 supra
1219 3355 1339 3414 laudato,

237 3419 317 3470 clsae'
337 3421 442 3473 Plauto.
478 3423 601 3472 Persius:
625 3423 765 3488 ‘Neqnio
806 3440 882 3490 capp.
900 3431 940 3477 tl.
959 3435 987 3476 et
1006 3431 1046 3479 12.
1062 3435 1089 3479 et
1107 3443 1164 3493 qua
1177 3429 1209 3479 ad
1225 3430 1280 3479 brec
1293 3445 1341 3480 ca-

235 3497 766 3562 qnarnpopalobibulasdonaverisanres.'
806 3502 861 3565 pita
881 3501 995 3564 Scaliger
1013 3503 1118 3565 scripsit
1135 3503 1258 3554 adsersus
1270 3506 1338 3556 Gui-

267 3572 280 3606 ⁶
292 3574 413 3638 Papyrsrrr
421 3575 574 3639 AEgypit'cm]
586 3577 705 3640 Papyrua
714 3576 765 3628 fru-
805 3577 936 3628 landinam
948 3579 974 3626 iu
985 3578 1040 3642 ejus
1051 3579 1197 3641 Opuseulis.

236 3657 344 3712 texeat,
362 3651 415 3715 qui,
432 3659 460 3701 at
472 3649 553 3701 refert
566 3652 764 3704 Plio-libans.
837 3659 848 3684 ⁸
866 3653 968 3702 Nilotici
985 3654 1082 3717 musar]
1101 3655 1244 3706 Martialis:
1260 3658 1339 3709 ‘Dat

236 3725 307 3777 liist.
331 3727 424 3777 Nalnr.
444 3741 502 3790 cap.
522 3731 562 3778 ll.
579 3729 587 3756 ‘
607 3729 722 3778 nascitur
738 3730 764 3778 in
805 3728 902 3778 clssrtia
917 3729 1015 3779 babilas
1035 3732 1148 3780 calamos
1167 3733 1340 3797 Memphitica

234 3801 393 3866 palustribus
412 3801 527 3866 AEgypti,
544 3808 589 3851 snt
608 3804 764 3867 quiescenti·
806 3804 903 3856 tellus!

234 3876 283 3926 bna
295 3877 349 3926 Nili
362 3877 766 3942 aquiaubiesagataestagnsnt,
836 3878 967 3942 ‘Figurae
990 3881 1146 3946 sutrinasque
1169 3884 1288 3934 bominum
1310 3887 1338 3937 irs

236 3951 362 4003 brachiali
383 3953 477 4004 radicis
502 3953 614 4017 obliquae
643 3955 765 4003 erassitu·
803 3957 864 4006 olias
883 3958 998 4020 irssogirses
1018 3960 1150 4024 ersom]
1174 3960 1244 4010 Puta
1263 3963 1339 4028 lupo·

237 4025 307 4091 dine,
320 4029 454 4092 triangulis
464 4028 598 4092 lateribus,
610 4029 702 4078 decens
714 4044 765 4078 uon
804 4046 870 4095 rura,
895 4033 1034 4097 asinorum,
1056 4039 1106 4086 tre.
1138 4037 1208 4102 qnod
1231 4037 1338 4102 Magios

236 4103 347 4165 amplius
373 4103 516 4154 cubitorum
543 4103 715 4168 longitndine,
738 4106 765 4155 in
805 4113 862 4158 arte
873 4116 901 4158 et
911 4108 1046 4161 herbarum
1065 4111 1224 4178 quarundam
1236 4115 1262 4164 si
1279 4115 1339 4166 lieri
