2914 4770
63 319 67 328 ’
102 337 105 340 ’
228 347 272 412 22
636 357 793 407 nrunnrr
822 355 924 410 vira.

227 507 442 593 vituperabit,
462 497 552 590 quo'd
572 507 618 570 ad
640 505 919 587 votnmlegentis
942 503 1015 570 baec
1038 503 1235 588 composui:
1266 523 1338 570 non

228 609 340 695 abjeci
352 617 499 693 partum,
513 607 573 680 sed
598 608 723 691 aptiori
744 607 820 672 loco
843 608 999 691 exposui.
1044 607 1200 672 Platonis
1216 607 1339 672 Philo-

228 713 357 796 sophiae
372 709 604 794 compendium
621 705 881 793 reete'eeqnitur
893 709 979 774 liber
992 706 1036 772 de
1053 706 1194 773 Mundo·
1241 706 1338 772 Peri-

227 815 386 897 pateticae
403 812 568 878 doctrinae
580 815 752 876 contracta
763 808 919 894 quaedam
929 816 982 875 est
992 809 1163 876 delinitio:
1187 811 1340 885 continet

229 915 316 980 enim
333 915 596 1000 descriptionem
610 913 769 992 universi,
785 932 887 996 qnam
901 912 995 978 velut
1017 913 1051 976 in
1076 913 1201 978 tabella
1220 913 1340 996 depie-

228 1027 296 1086 tam
310 1037 378 1083 uno
393 1023 536 1101 aspectu
553 1017 676 1080 intueri
700 1015 795 1080 licet.
827 1013 980 1080 Eximia
1002 1013 1166 1093 doctrine,
1181 1015 1254 1099 pari
1269 1016 1340 1080 ele-

228 1120 352 1202 gantis
366 1138 531 1184 consensu
542 1117 680 1184 tradita.
726 1118 874 1200 Dignum
888 1135 988 1201 opuS,
1005 1117 1040 1182 in
1054 1137 1121 1200 qno
1134 1117 1338 1202 eloquentiae

228 1240 301 1292 suae
312 1219 463 1286 Veneres
478 1220 696 1305 exprimeret;
719 1221 813 1304 quod
827 1220 906 1298 hae,
929 1227 969 1285 nt
986 1220 1041 1286 ,ita
1055 1219 1179 1298 dicam,
1193 1219 1339 1285 transiu-

228 1323 324 1387 sione
345 1342 415 1387 non
436 1331 545 1389 mutat
560 1341 725 1408 saporem,
746 1322 1010 1405 necquicquam
1025 1322 1143 1404 gratiae
1164 1323 1214 1388 illi
1228 1324 1340 1407 perit:

228 1443 271 1488 ea
286 1431 340 1491 est
360 1425 548 1510 interpretis
570 1425 744 1508 diligentie
758 1431 792 1490 et
806 1425 929 1506 ingenii
944 1423 1101 1507 quaedam
1114 1424 1167 1490 vis
1181 1425 1340 1508 peculia-

229 1525 286 1590 ris.
330 1527 376 1594 Et
390 1527 465 1594 baec
481 1527 619 1611 quidem
635 1527 868 1612 Philosophiae
884 1527 1035 1612 propria,
1051 1545 1130 1610 quae
1146 1533 1340 1612 temporum

139 1693 141 1700 ,
231 1629 389 1714 injuriam
414 1628 610 1711 effugerunt.
630 1645 634 1652 ·
655 1629 796 1693 Florida
814 1628 964 1694 omnium
984 1630 1133 1693 maxime
1149 1629 1341 1712 depravata

230 1732 274 1796 ad
288 1752 351 1798 nos
372 1740 616 1814 pervenerunt:
640 1730 854 1814 nequeenim
869 1730 970 1795 loedis
985 1729 1097 1795 solum
1110 1729 1241 1796 mendis
1256 1749 1339 1797 con-

231 1834 397 1898 taminata
418 1841 454 1898 et
475 1833 599 1913 hiulca,
626 1833 688 1898 sed
708 1834 838 1917 passim
862 1833 1083 1917 intemperata
1097 1832 1340 1898 commixtione

231 1933 399 2000 contusa:
433 1935 513 2017 ipsa
543 1937 687 2021 ἐπιγραφὴ
718 1934 912 2017 supposita,
941 1942 978 1998 et
1008 1934 1053 1998 ab
1083 1933 1193 1997 aliena
1214 1951 1339 1998 mann:

120 2023 126 2032 '
231 2034 413 2119 dispositio
428 2037 472 2100 ab
486 2035 656 2119 imperitis.
702 2035 824 2120 Neque
845 2035 935 2099 enim
957 2033 1057 2098 video
1078 2032 1251 2116 quomodo
1273 2034 1340 2098 sub

232 2143 346 2202 certos
359 2138 622 2228 librosredigaS,
636 2158 714 2220 qnae
731 2137 805 2201 sine
820 2137 888 2201 nllo
903 2153 1059 2202 connexu
1073 2135 1200 2216 ubique
1210 2134 1341 2214 lacera,

189 2249 193 2256 ·
233 2237 366 2314 luxata,
380 2239 518 2317 mutile3
540 2237 624 2302 nibil
640 2238 732 2302 aliud
748 2237 948 2321 promittunt
962 2255 1064 2319 quam
1079 2235 1241 2319 reliquias
1255 2237 1341 2303 inte·

235 2339 285 2420 gri
299 2341 463 2422 corporis,
477 2340 572 2404 nuda
592 2340 725 2404 scilicet
748 2339 933 2422 fragments
958 2342 1123 2422 excerpta
1141 2355 1187 2402 ex
1203 2337 1342 2404 Disser-

234 2439 420 2504 tationibns
433 2437 585 2524 Apuleii,
601 2461 685 2525 quas
700 2441 877 2525 plerasque
900 2440 1090 2523 Carthagini
1112 2439 1243 2506 habuit.
1288 2439 1344 2506 Ea

235 2541 432 2606 astudiosis
447 2539 585 2625 Apuleii
598 2550 765 2625 congesta·
776 2540 877 2607 titulo
894 2540 1105 2606 Floridorum
1119 2540 1218 2606 nobis
1232 2546 1343 2607 trans·

235 2642 343 2708 missa
358 2648 446 2722 sunt,
461 2644 549 2709 laisa
562 2645 725 2712 librorum
746 2643 990 2711 distributione.
1011 2643 1140 2708 Verum
1156 2661 1210 2706 me
1225 2641 1344 2708 dicere

233 2745 313 2828 ipsa
327 2746 467 2832 ἐπιγραφὴ
490 2747 650 2831 loquitur.
693 2747 797 2826 Nam,
813 2747 870 2830 qni
894 2745 1035 2810 Florida
1055 2744 1123 2809 diei
1145 2745 1343 2812 existimant

104 2865 107 2870 ·
237 2845 281 2910 ab
297 2846 523 2912 efflorescenti
538 2857 573 2912 et
586 2850 670 2914 laeto
680 2849 814 2915 dicendi
830 2868 960 2932 genere,
975 2847 1140 2912 inscitiam
1153 2866 1248 2912 suam
1259 2865 1342 2930 pro-

238 2944 343 3028 dunt3
365 2947 430 3012 bae
445 2950 533 3014 enim
548 2951 676 3014 ratione
699 2955 803 3014 totum
825 2969 914 3033 opus
933 2949 1074 3014 Florida
1096 2949 1342 3031 inscripserint.

216 3091 218 3098 ·
236 3045 377 3113 Florida
387 3056 477 3127 sunt,
490 3051 608 3128 electa,
618 3048 793 3136 ἀνθολογίαι,
802 3049 1026 3137 χρηστομαθῖαι,
1035 3051 1175 3114 etflores
1184 3049 1340 3136 τὰχςῆσι-

235 3171 289 3229 pa
336 3149 426 3216 Plin.
441 3151 500 3216 lib.
518 3169 576 3218 ιιι.
592 3152 702 3237 Epist.
713 3155 744 3216 5.
761 3154 820 3230 ait,
834 3153 1036 3218 avunculum
1047 3171 1144 3216 sunm
1159 3151 1341 3234 reliquisse

236 3247 434 3313 Electorum
458 3250 743 3318 Commentarios:
775 3261 810 3318 et
830 3252 1074 3318 observandum
1091 3253 1192 3338 ‚quod
1217 3254 1339 3319 eodem

234 3349 313 3415 loco
328 3353 458 3432 scribit,
479 3356 684 3420 ‘annotabat
707 3354 1004 3439 excerpebatque;'
1026 3355 1108 3438 quia
1132 3355 1341 3425 scilicetne·

226 3456 307 3516 ‘tam
321 3458 370 3517 τοῦ
394 3460 525 3540 χρηστοῦ
553 3457 789 3540 appingebant,
811 3463 848 3522 nt
863 3465 983 3539 postea
1004 3463 1233 3539 excerperent,
1246 3455 1340 3540 quod

235 3561 335 3618 vocat
359 3555 564 3622 ‘annotare’
600 3557 690 3622 Vide
713 3556 874 3622 clement.
898 3556 940 3622 de
960 3557 1174 3640 Polymathia
1188 3576 1265 3641 cap.
1280 3559 1339 3626 17.

236 3653 281 3719 In
303 3653 460 3720 Glossis:
483 3657 558 3722 ‘Ex
573 3659 702 3736 electis,
727 3661 759 3722 ἐκ
788 3667 843 3723 τῶν
865 3656 1086 3746 λογογράφωνθ
1108 3678 1186 3724 nam
1200 3667 1235 3723 et
1248 3671 1339 3744 λογο-

235 3756 365 3843 γραφίας
376 3765 497 3824 vocant
510 3764 563 3835 τὰς
572 3759 708 3848 ἐκλογάς.
741 3764 824 3828 Inde
839 3762 1009 3844 Eelogarii
1024 3759 1113 3843 apud
1128 3759 1338 3841 Ciceronem,

236 3860 279 3946 ad
296 3859 459 3942 Atticum,
479 3862 536 3927 lib.
552 3879 633 3929 xvr.
649 3867 708 3949 qui
724 3866 940 3951 excipiebant
953 3868 991 3928 τὰ
1008 3863 1144 3949 χρήσιμα
1165 3871 1201 3929 et
1217 3871 1339 3930 notatu

236 3959 347 4042 digna.
386 3962 476 4028 Nam
492 3985 577 4048 quos
590 3965 749 4033 Aleiatus
764 3969 908 4033 somniat
921 3965 1120 4031 ‘analectas’
1136 3965 1274 4031 minime
1285 3985 1338 4032 re·

236 4061 339 4143 cipio,
355 4070 398 4142 et,
411 4085 490 4148 qnae
506 4065 626 4133 deinde
651 4068 782 4134 Coelius
797 4070 902 4134 etalii
917 4067 1229 4144 comminiscuntur,
1247 4065 1338 4134 false

120 4175 128 4192 ⁸
236 4170 327 4228 sunt.
344 4165 503 4233 Nonerat
511 4189 601 4254 opus
610 4169 804 4238 difficultate
812 4170 1056 4248 illainvolvere,
1066 4169 1101 4234 in
1111 4169 1234 4252 quibus
1243 4169 1338 4235 nulla
