2914 4770
162 361 169 366 -
237 329 282 394 32
534 343 767 394 rnsrruoura
794 347 842 393 nn
866 345 1042 394 arnusto.

239 487 381 554 Veteres
396 490 444 554 ita
454 488 619 554 ludicrum
632 508 699 552 non
709 495 876 572 putarunt,
888 495 924 554 ut
938 487 1185 555 etAristoteies
1201 490 1244 556 de
1259 492 1347 576 ipsis

238 591 354 675 aliqua
368 591 619 674 conscripserit,
634 597 669 655 et
679 590 890 669 Plutarchus,
906 597 939 655 et
954 595 1062 656 vester
1077 591 1256 675 Apuleius.

425 774 523 839 Idem
537 774 572 839 in
588 773 702 839 Somn.
717 773 887 858 Scipionis
902 773 961 838 lib.
978 792 1002 838 r.
1018 793 1096 858 cap.
1112 776 1144 840 2.

284 908 423 992 Fabulae
438 909 474 972 in
497 908 619 972 bonam
634 906 760 990 frugem
775 913 914 990 repertae
929 911 1017 980 sunt,
1033 909 1127 973 velut
1142 907 1344 990 Comoedias,

238 1013 358 1098 quales
383 1010 571 1075 Menander
590 1010 706 1094 ejusve
728 1011 917 1074 imitatores
933 1008 1082 1092 agendas
1098 1009 1273 1090 dedorunt,
1289 1016 1346 1079 vol

239 1119 435 1196 argumenta
459 1111 547 1175 fictis
575 1111 711 1175 casibus
739 1116 926 1174 amatorum
957 1110 1091 1188 referta,
1123 1112 1250 1194 quibus
1286 1117 1346 1181 vel

238 1216 377 1281 multum
404 1233 442 1278 sc
465 1211 602 1278 Arbiter
631 1213 794 1291 exercuit,
816 1211 873 1277 vel
895 1211 1081 1295 Apuleium
1102 1233 1343 1299 nonnunquam

238 1317 363 1384 lusisse
374 1315 543 1381 miramur.

468 1493 605 1564 Servius
617 1495 815 1562 Honoratus
831 1495 866 1558 in
882 1510 964 1558 v111.
974 1491 1111 1559 AEneid.

282 1629 370 1697 Sunt
389 1631 478 1696 enim
502 1630 650 1701 Numina
672 1632 788 1712 aliqua
802 1637 933 1695 tantum
949 1630 1125 1707 Coelestia,
1141 1629 1256 1712 aliqua
1269 1637 1347 1695 tan·

239 1735 311 1798 tum
332 1732 530 1808 Terrestris,
553 1731 668 1814 aliqua
688 1729 825 1811 Media;
850 1750 936 1813 quos
959 1731 1056 1796 Deos
1081 1730 1251 1814 Apuleius
1267 1732 1347 1797 Me-

238 1833 422 1898 dioxumos
432 1835 544 1910 vocat,
556 1830 621 1896 hoc
631 1835 694 1910 est,
708 1831 767 1913 qui
783 1851 825 1896 ex
839 1832 1032 1896 hominibus
1048 1832 1108 1896 Dii
1121 1832 1216 1897 fiunt.

335 2017 453 2082 Sidon.
468 2015 690 2100 Apollinaris,
705 2015 766 2081 lib.
783 2032 823 2080 11.
838 2015 950 2100 Epist.
962 2016 1008 2081 ad
1021 2017 1240 2100 Hesperium.

282 2150 403 2234 Sisque
417 2149 545 2232 oppido
564 2148 754 2226 meminens,
776 2149 867 2234 quod
887 2149 969 2213 olim
993 2148 1119 2214 Martia
1142 2151 1345 2233 Hortensio,

238 2252 402 2318 Terentia
429 2250 557 2327 Tullio,
582 2250 788 2335 calphurnia
816 2249 940 2328 Plinio,
964 2248 1155 2315 Pudentilla
1183 2248 1345 2334 Apuleio,

239 2352 446 2419 Rusticiana
461 2351 671 2434 Symmacho,
693 2351 881 2432 legentibus
896 2350 1206 2437 meditantibusque
1220 2354 1346 2419 cande-

238 2455 292 2520 las
305 2459 342 2519 et
355 2453 557 2517 candelabra
571 2457 756 2517 tenuerunt

509 2646 616 2723 Idem,
631 2645 692 2710 lib.
710 2664 758 2710 iv.
772 2646 814 2711 ad
831 2645 1068 2711 Claudianum.

283 2777 364 2846 ....Si
378 2801 470 2846 reare
486 2801 677 2865 quenquam
691 2783 894 2859 mortalium,
910 2781 967 2845 cui
986 2789 1100 2846 tumen
1126 2784 1345 2848 sermocinari

239 2877 418 2945 Latialiter
441 2882 534 2945 cordi
558 2891 623 2960 est,
645 2903 712 2946 non
730 2902 865 2965 pavere,
890 2903 965 2947 cnm
987 2885 1022 2947 in
1044 2903 1187 2948 examen
1211 2883 1369 2950 aurium'

238 2990 384 3061 tuarum,
401 2985 529 3067 quippe
553 2986 709 3067 scriptus,
731 2984 929 3049 adducitur:
952 2993 1098 3061 tuarum,
1111 2986 1261 3067 inquam,
1280 3006 1344 3050 au-

238 3084 336 3162 rium,
355 3105 496 3167 quarum
508 3086 653 3169 peritiae,
668 3087 698 3151 si
709 3106 762 3151 me
770 3086 982 3152 decursorum
995 3087 1115 3151 adhoc
1130 3087 1198 3150 ecvi
1213 3094 1344 3170 tempo-

237 3205 310 3248 rum
333 3189 560 3268 praerogativa
580 3207 647 3250 non
668 3189 801 3264 obruat,
822 3207 885 3251 nec
914 3187 1148 3252 Frontonianae
1170 3189 1345 3268 gravitatis

239 3291 300 3349 aut
321 3284 482 3365 ponderis
497 3285 675 3368 Apuleiani
695 3287 819 3351 flumen
841 3287 1065 3373 aequipnrem3
1088 3288 1142 3352 cui
1160 3287 1344 3366 Varrones,

239 3384 295 3448 vel
320 3382 496 3462 Atacinus,
519 3387 573 3450 vel
596 3387 785 3466 Terentius,
811 3389 922 3466 Plinii,
944 3390 999 3454 vei
1014 3391 1199 3454 avunculus
1215 3391 1268 3454 vel
1284 3391 1345 3455 Se·

239 3485 380 3564 enudus,
395 3488 589 3571 compositi,
603 3489 907 3571 impraesentiarum
919 3491 1180 3555 rusticabuntur.

389 3681 501 3748 Aurei.
514 3681 741 3750 Cassiodorus
758 3686 960 3753 Dialecticoe
976 3686 1195 3771 Compendio.

280 3817 407 3883 Tertiae
419 3817 570 3883 formulae
584 3819 791 3883 inveniuntur
805 3821 941 3903 species
956 3839 1038 3884 sex:
1063 3843 1149 3904 quas
1160 3839 1277 3886 omnes
1289 3828 1341 3885 at-

238 3933 305 4002 qne
333 3919 405 4002 ejus
434 3918 562 4001 generis
591 3919 658 3983 alia
687 3920 744 4002 qui
766 3920 902 4003 plenius
924 3941 1024 3986 nosse
1047 3922 1225 4002 desiderat,
1249 3923 1342 4004 legat

239 4017 358 4084 tibrum
371 4019 509 4104 Apuleii
526 4018 774 4098 Madaureneis,
791 4022 849 4104 qui
862 4022 904 4086 de
919 4023 981 4088 bac
996 4043 1032 4087 re
1048 4025 1215 4106 eleganter
1237 4032 1270 4090 et
1283 4047 1341 4090 co·

240 4121 336 4202 piose
350 4121 518 4188 disseruit.
