<?xml version="1.0" encoding="UTF-8"?>
<!DOCTYPE html PUBLIC "-//W3C//DTD XHTML 1.0 Transitional//EN"
    "http://www.w3.org/TR/xhtml1/DTD/xhtml1-transitional.dtd">
<html xmlns="http://www.w3.org/1999/xhtml" xml:lang="en" lang="en">
 <head>
  <title>
</title>
<meta http-equiv="Content-Type" content="text/html;charset=utf-8" />
  <meta name='ocr-system' content='tesseract 3.04.00' />
  <meta name='ocr-capabilities' content='ocr_page ocr_carea ocr_par ocr_line ocrx_word'/>
</head>
<body>
  <div class='ocr_page' id='page_1' title='image "apuleiioperaomn08apulgoog_0019.png"; bbox 0 0 2914 4770; ppageno 0'>
   <div class='ocr_carea' id='block_1_1' title="bbox 566 337 1217 400">
    <p class='ocr_par' dir='ltr' id='par_1_1' title="bbox 566 337 1217 400">
     <span class='ocr_line' id='line_1_1' title="bbox 566 337 1217 400; baseline -0.003 -7"><span class='ocrx_word' id='word_1_1' title='bbox 566 345 765 396; x_wconf 75' lang='lat' dir='ltr'><strong>EPISTULA.</strong></span> <span class='ocrx_word' id='word_1_2' title='bbox 1194 337 1217 400; x_wconf 83' lang='grc'><strong>3</strong></span> 
     </span>
    </p>
   </div>
   <div class='ocr_carea' id='block_1_2' title="bbox 13 485 1216 570">
    <p class='ocr_par' dir='ltr' id='par_1_2' title="bbox 13 485 1216 570">
     <span class='ocr_line' id='line_1_2' title="bbox 13 485 1216 570; baseline 0.01 -24"><span class='ocrx_word' id='word_1_3' title='bbox 13 541 15 546; x_wconf 91' lang='grc'>.</span> <span class='ocrx_word' id='word_1_4' title='bbox 111 487 167 552; x_wconf 79' lang='lat' dir='ltr'><strong>tim</strong></span> <span class='ocrx_word' id='word_1_5' title='bbox 183 504 286 552; x_wconf 86' lang='lat' dir='ltr'><strong>sensu</strong></span> <span class='ocrx_word' id='word_1_6' title='bbox 301 485 616 568; x_wconf 81' lang='lat' dir='ltr'><strong>animadvertimus,</strong></span> <span class='ocrx_word' id='word_1_7' title='bbox 632 487 893 554; x_wconf 81' lang='lat' dir='ltr'><strong>Ssasnrssruu</strong></span> <span class='ocrx_word' id='word_1_8' title='bbox 907 492 1124 570; x_wconf 80' lang='lat' dir='ltr'><strong>Daurarsa,</strong></span> <span class='ocrx_word' id='word_1_9' title='bbox 1138 513 1216 558; x_wconf 91' lang='lat' dir='ltr'><strong>cum</strong></span> 
     </span>
    </p>
   </div>
   <div class='ocr_carea' id='block_1_3' title="bbox 110 587 1256 2496">
    <p class='ocr_par' dir='ltr' id='par_1_3' title="bbox 110 587 1256 2496">
     <span class='ocr_line' id='line_1_3' title="bbox 110 587 1215 678; baseline 0.005 -26"><span class='ocrx_word' id='word_1_10' title='bbox 110 591 144 652; x_wconf 92' lang='lat' dir='ltr'><strong>in</strong></span> <span class='ocrx_word' id='word_1_11' title='bbox 158 595 189 654; x_wconf 91' lang='lat' dir='ltr'><strong>te</strong></span> <span class='ocrx_word' id='word_1_12' title='bbox 204 587 349 652; x_wconf 84' lang='lat' dir='ltr'><strong>formam</strong></span> <span class='ocrx_word' id='word_1_13' title='bbox 360 588 459 654; x_wconf 91' lang='lat' dir='ltr'><strong>istam</strong></span> <span class='ocrx_word' id='word_1_14' title='bbox 471 589 618 673; x_wconf 88' lang='lat' dir='ltr'><strong>Imperio</strong></span> <span class='ocrx_word' id='word_1_15' title='bbox 630 595 663 654; x_wconf 90' lang='lat' dir='ltr'><strong>et</strong></span> <span class='ocrx_word' id='word_1_16' title='bbox 678 589 874 655; x_wconf 87' lang='lat' dir='ltr'><strong>Lunovroo</strong></span> <span class='ocrx_word' id='word_1_17' title='bbox 890 601 987 678; x_wconf 88' lang='lat' dir='ltr'><strong>patre</strong></span> <span class='ocrx_word' id='word_1_18' title='bbox 1001 595 1134 676; x_wconf 87' lang='lat' dir='ltr'><strong>dignam</strong></span> <span class='ocrx_word' id='word_1_19' title='bbox 1145 613 1215 660; x_wconf 89' lang='lat' dir='ltr'><strong>cer-</strong></span> 
     </span>
     <span class='ocr_line' id='line_1_4' title="bbox 111 685 1213 773; baseline 0.008 -23"><span class='ocrx_word' id='word_1_20' title='bbox 111 689 233 767; x_wconf 86' lang='lat' dir='ltr'><strong>nimus,</strong></span> <span class='ocrx_word' id='word_1_21' title='bbox 248 709 326 754; x_wconf 88' lang='lat' dir='ltr'><strong>cam</strong></span> <span class='ocrx_word' id='word_1_22' title='bbox 340 689 444 756; x_wconf 87' lang='lat' dir='ltr'><strong>altam</strong></span> <span class='ocrx_word' id='word_1_23' title='bbox 457 689 601 754; x_wconf 84' lang='lat' dir='ltr'><strong>indolem</strong></span> <span class='ocrx_word' id='word_1_24' title='bbox 613 691 759 773; x_wconf 88' lang='lat' dir='ltr'><strong>plurima</strong></span> <span class='ocrx_word' id='word_1_25' title='bbox 771 693 927 773; x_wconf 74' lang='lat' dir='ltr'><strong>comitate</strong></span> <span class='ocrx_word' id='word_1_26' title='bbox 941 693 1124 771; x_wconf 86' lang='lat' dir='ltr'><strong>conditam,</strong></span> <span class='ocrx_word' id='word_1_27' title='bbox 1136 685 1213 760; x_wconf 87' lang='lat' dir='ltr'><strong>cum</strong></span> 
     </span>
     <span class='ocr_line' id='line_1_5' title="bbox 113 791 1215 877; baseline 0.005 -23"><span class='ocrx_word' id='word_1_28' title='bbox 113 809 224 854; x_wconf 90' lang='lat' dir='ltr'><strong>acrem</strong></span> <span class='ocrx_word' id='word_1_29' title='bbox 239 791 364 873; x_wconf 86' lang='lat' dir='ltr'><strong>ingenii</strong></span> <span class='ocrx_word' id='word_1_30' title='bbox 378 793 459 869; x_wconf 91' lang='lat' dir='ltr'><strong>vim,</strong></span> <span class='ocrx_word' id='word_1_31' title='bbox 483 800 518 857; x_wconf 90' lang='lat' dir='ltr'><strong>et</strong></span> <span class='ocrx_word' id='word_1_32' title='bbox 533 793 634 857; x_wconf 81' lang='lat' dir='ltr'><strong>rohas</strong></span> <span class='ocrx_word' id='word_1_33' title='bbox 646 793 738 857; x_wconf 90' lang='lat' dir='ltr'><strong>istud</strong></span> <span class='ocrx_word' id='word_1_34' title='bbox 753 793 913 876; x_wconf 89' lang='lat' dir='ltr'><strong>corporis,</strong></span> <span class='ocrx_word' id='word_1_35' title='bbox 938 799 1052 871; x_wconf 86' lang='lat' dir='ltr'><strong>aestus,</strong></span> <span class='ocrx_word' id='word_1_36' title='bbox 1071 795 1215 877; x_wconf 81' lang='lat' dir='ltr'><strong>trigoris,</strong></span> 
     </span>
     <span class='ocr_line' id='line_1_6' title="bbox 111 893 1215 982; baseline 0.004 -26"><span class='ocrx_word' id='word_1_37' title='bbox 111 893 279 970; x_wconf 90' lang='lat' dir='ltr'><strong>imbrium,</strong></span> <span class='ocrx_word' id='word_1_38' title='bbox 302 893 390 969; x_wconf 88' lang='lat' dir='ltr'><strong>sitis,</strong></span> <span class='ocrx_word' id='word_1_39' title='bbox 414 893 525 973; x_wconf 82' lang='lat' dir='ltr'><strong>sannis,</strong></span> <span class='ocrx_word' id='word_1_40' title='bbox 547 900 583 959; x_wconf 83' lang='lat' dir='ltr'><strong>et</strong></span> <span class='ocrx_word' id='word_1_41' title='bbox 605 895 729 978; x_wconf 81' lang='lat' dir='ltr'><strong>vigilite</strong></span> <span class='ocrx_word' id='word_1_42' title='bbox 752 895 900 982; x_wconf 82' lang='lat' dir='ltr'><strong>patiens,</strong></span> <span class='ocrx_word' id='word_1_43' title='bbox 926 903 961 960; x_wconf 87' lang='lat' dir='ltr'><strong>et</strong></span> <span class='ocrx_word' id='word_1_44' title='bbox 983 895 1078 960; x_wconf 90' lang='lat' dir='ltr'><strong>nullo</strong></span> <span class='ocrx_word' id='word_1_45' title='bbox 1102 897 1215 961; x_wconf 90' lang='lat' dir='ltr'><strong>labore</strong></span> 
     </span>
     <span class='ocr_line' id='line_1_7' title="bbox 112 994 1214 1062; baseline 0.003 -5"><span class='ocrx_word' id='word_1_46' title='bbox 112 994 255 1058; x_wconf 85' lang='lat' dir='ltr'><strong>tractum</strong></span> <span class='ocrx_word' id='word_1_47' title='bbox 276 996 505 1060; x_wconf 83' lang='lat' dir='ltr'><strong>observamus.</strong></span> <span class='ocrx_word' id='word_1_48' title='bbox 549 994 624 1061; x_wconf 91' lang='lat' dir='ltr'><strong>Nec</strong></span> <span class='ocrx_word' id='word_1_49' title='bbox 651 996 832 1060; x_wconf 77' lang='lat' dir='ltr'><strong>dissimiles</strong></span> <span class='ocrx_word' id='word_1_50' title='bbox 856 996 950 1061; x_wconf 89' lang='lat' dir='ltr'><strong>Patri</strong></span> <span class='ocrx_word' id='word_1_51' title='bbox 978 995 1066 1061; x_wconf 87' lang='lat' dir='ltr'><strong>filios</strong></span> <span class='ocrx_word' id='word_1_52' title='bbox 1088 1003 1122 1060; x_wconf 90' lang='lat' dir='ltr'><strong>ct</strong></span> <span class='ocrx_word' id='word_1_53' title='bbox 1136 995 1214 1062; x_wconf 81' lang='lat' dir='ltr'><strong>Avo</strong></span> 
     </span>
     <span class='ocr_line' id='line_1_8' title="bbox 112 1095 1212 1178; baseline 0.004 -20"><span class='ocrx_word' id='word_1_54' title='bbox 112 1103 252 1177; x_wconf 80' lang='lat' dir='ltr'><strong>nepotes</strong></span> <span class='ocrx_word' id='word_1_55' title='bbox 282 1095 430 1178; x_wconf 87' lang='lat' dir='ltr'><strong>spondet</strong></span> <span class='ocrx_word' id='word_1_56' title='bbox 458 1096 556 1160; x_wconf 92' lang='lat' dir='ltr'><strong>nobis</strong></span> <span class='ocrx_word' id='word_1_57' title='bbox 586 1102 655 1162; x_wconf 91' lang='lat' dir='ltr'><strong>tum</strong></span> <span class='ocrx_word' id='word_1_58' title='bbox 684 1097 919 1162; x_wconf 81' lang='lat' dir='ltr'><strong>Bousonrus&#39;</strong></span> <span class='ocrx_word' id='word_1_59' title='bbox 943 1097 1212 1174; x_wconf 74' lang='lat' dir='ltr'><strong>Batauosque</strong></span> 
     </span>
     <span class='ocr_line' id='line_1_9' title="bbox 112 1195 1214 1282; baseline 0.005 -24"><span class='ocrx_word' id='word_1_60' title='bbox 112 1195 259 1278; x_wconf 82' lang='lat' dir='ltr'><strong>Sanguis</strong></span> <span class='ocrx_word' id='word_1_61' title='bbox 281 1196 369 1261; x_wconf 89' lang='lat' dir='ltr'><strong>haud</strong></span> <span class='ocrx_word' id='word_1_62' title='bbox 393 1217 540 1282; x_wconf 89' lang='lat' dir='ltr'><strong>anquam</strong></span> <span class='ocrx_word' id='word_1_63' title='bbox 569 1199 718 1282; x_wconf 83' lang='lat' dir='ltr'><strong>degener,</strong></span> <span class='ocrx_word' id='word_1_64' title='bbox 740 1204 810 1263; x_wconf 88' lang='lat' dir='ltr'><strong>tum</strong></span> <span class='ocrx_word' id='word_1_65' title='bbox 824 1199 954 1281; x_wconf 87' lang='lat' dir='ltr'><strong>egregia</strong></span> <span class='ocrx_word' id='word_1_66' title='bbox 967 1199 1004 1262; x_wconf 91' lang='lat' dir='ltr'><strong>in</strong></span> <span class='ocrx_word' id='word_1_67' title='bbox 1017 1196 1108 1263; x_wconf 89' lang='lat' dir='ltr'><strong>Aula</strong></span> <span class='ocrx_word' id='word_1_68' title='bbox 1122 1201 1214 1264; x_wconf 90' lang='lat' dir='ltr'><strong>orbis</strong></span> 
     </span>
     <span class='ocr_line' id='line_1_10' title="bbox 112 1297 1215 1383; baseline 0.005 -24"><span class='ocrx_word' id='word_1_69' title='bbox 112 1297 262 1380; x_wconf 82' lang='lat' dir='ltr'><strong>principe</strong></span> <span class='ocrx_word' id='word_1_70' title='bbox 286 1297 454 1363; x_wconf 77' lang='lat' dir='ltr'><strong>educatio.</strong></span> <span class='ocrx_word' id='word_1_71' title='bbox 499 1297 655 1364; x_wconf 84' lang='lat' dir='ltr'><strong>Aderant</strong></span> <span class='ocrx_word' id='word_1_72' title='bbox 678 1301 806 1382; x_wconf 91' lang='lat' dir='ltr'><strong>quippe</strong></span> <span class='ocrx_word' id='word_1_73' title='bbox 831 1301 917 1383; x_wconf 89' lang='lat' dir='ltr'><strong>ipsis</strong></span> <span class='ocrx_word' id='word_1_74' title='bbox 943 1299 1215 1383; x_wconf 69' lang='lat' dir='ltr'><strong>praestantissimi</strong></span> 
     </span>
     <span class='ocr_line' id='line_1_11' title="bbox 112 1399 1213 1484; baseline 0.003 -23"><span class='ocrx_word' id='word_1_75' title='bbox 112 1399 233 1462; x_wconf 87' lang='lat' dir='ltr'><strong>artium</strong></span> <span class='ocrx_word' id='word_1_76' title='bbox 264 1401 411 1464; x_wconf 85' lang='lat' dir='ltr'><strong>omnium</strong></span> <span class='ocrx_word' id='word_1_77' title='bbox 439 1403 786 1484; x_wconf 86' lang='lat' dir='ltr'><strong>exercitationamqne</strong></span> <span class='ocrx_word' id='word_1_78' title='bbox 822 1401 1012 1466; x_wconf 86' lang='lat' dir='ltr'><strong>liberalium</strong></span> <span class='ocrx_word' id='word_1_79' title='bbox 1047 1399 1213 1482; x_wconf 79' lang='lat' dir='ltr'><strong>Magistri.</strong></span> 
     </span>
     <span class='ocr_line' id='line_1_12' title="bbox 111 1497 1213 1585; baseline 0.001 -23"><span class='ocrx_word' id='word_1_80' title='bbox 111 1497 265 1563; x_wconf 84' lang='lat' dir='ltr'><strong>Aderant</strong></span> <span class='ocrx_word' id='word_1_81' title='bbox 278 1499 520 1582; x_wconf 80' lang='lat' dir='ltr'><strong>Magistrorum</strong></span> <span class='ocrx_word' id='word_1_82' title='bbox 530 1503 675 1566; x_wconf 80' lang='lat' dir='ltr'><strong>omnnium</strong></span> <span class='ocrx_word' id='word_1_83' title='bbox 690 1503 870 1585; x_wconf 82' lang='lat' dir='ltr'><strong>praeceptis</strong></span> <span class='ocrx_word' id='word_1_84' title='bbox 880 1505 914 1566; x_wconf 89' lang='lat' dir='ltr'><strong>el</strong></span> <span class='ocrx_word' id='word_1_85' title='bbox 926 1501 1213 1566; x_wconf 84' lang='lat' dir='ltr'><strong>adhortationibus</strong></span> 
     </span>
     <span class='ocr_line' id='line_1_13' title="bbox 112 1599 1214 1686; baseline 0 -22"><span class='ocrx_word' id='word_1_86' title='bbox 112 1601 316 1681; x_wconf 87' lang='lat' dir='ltr'><strong>potentiores</strong></span> <span class='ocrx_word' id='word_1_87' title='bbox 343 1599 561 1666; x_wconf 87' lang='lat' dir='ltr'><strong>Paternorum</strong></span> <span class='ocrx_word' id='word_1_88' title='bbox 586 1603 880 1686; x_wconf 88' lang='lat' dir='ltr'><strong>Materuorumqae</strong></span> <span class='ocrx_word' id='word_1_89' title='bbox 905 1603 1135 1686; x_wconf 89' lang='lat' dir='ltr'><strong>exemplorum</strong></span> <span class='ocrx_word' id='word_1_90' title='bbox 1153 1603 1214 1665; x_wconf 91' lang='lat' dir='ltr'><strong>sti-</strong></span> 
     </span>
     <span class='ocr_line' id='line_1_14' title="bbox 111 1701 1213 1787; baseline 0.002 -24"><span class='ocrx_word' id='word_1_91' title='bbox 111 1701 204 1777; x_wconf 90' lang='lat' dir='ltr'><strong>muli,</strong></span> <span class='ocrx_word' id='word_1_92' title='bbox 224 1703 348 1783; x_wconf 85' lang='lat' dir='ltr'><strong>quinus</strong></span> <span class='ocrx_word' id='word_1_93' title='bbox 363 1704 482 1768; x_wconf 91' lang='lat' dir='ltr'><strong>mirum</strong></span> <span class='ocrx_word' id='word_1_94' title='bbox 497 1706 587 1768; x_wconf 87' lang='lat' dir='ltr'><strong>bona</strong></span> <span class='ocrx_word' id='word_1_95' title='bbox 601 1703 728 1768; x_wconf 90' lang='lat' dir='ltr'><strong>indoles</strong></span> <span class='ocrx_word' id='word_1_96' title='bbox 744 1712 906 1787; x_wconf 89' lang='lat' dir='ltr'><strong>quantum</strong></span> <span class='ocrx_word' id='word_1_97' title='bbox 922 1705 1096 1768; x_wconf 86' lang='lat' dir='ltr'><strong>excitetur.</strong></span> <span class='ocrx_word' id='word_1_98' title='bbox 1140 1701 1213 1766; x_wconf 85' lang='lat' dir='ltr'><strong>Ad·</strong></span> 
     </span>
     <span class='ocr_line' id='line_1_15' title="bbox 112 1803 1212 1888; baseline 0.002 -24"><span class='ocrx_word' id='word_1_99' title='bbox 112 1804 171 1866; x_wconf 88' lang='lat' dir='ltr'><strong>erit</strong></span> <span class='ocrx_word' id='word_1_100' title='bbox 184 1822 266 1866; x_wconf 91' lang='lat' dir='ltr'><strong>cum</strong></span> <span class='ocrx_word' id='word_1_101' title='bbox 279 1805 474 1882; x_wconf 91' lang='lat' dir='ltr'><strong>recentium,</strong></span> <span class='ocrx_word' id='word_1_102' title='bbox 496 1815 568 1868; x_wconf 90' lang='lat' dir='ltr'><strong>tum</strong></span> <span class='ocrx_word' id='word_1_103' title='bbox 582 1809 730 1868; x_wconf 82' lang='lat' dir='ltr'><strong>veteram</strong></span> <span class='ocrx_word' id='word_1_104' title='bbox 745 1805 920 1888; x_wconf 83' lang='lat' dir='ltr'><strong>sapienties</strong></span> <span class='ocrx_word' id='word_1_105' title='bbox 938 1803 1212 1886; x_wconf 89' lang='lat' dir='ltr'><strong>humaniorisque</strong></span> 
     </span>
     <span class='ocr_line' id='line_1_16' title="bbox 111 1904 1213 1990; baseline -0.002 -22"><span class='ocrx_word' id='word_1_106' title='bbox 111 1905 292 1969; x_wconf 86' lang='lat' dir='ltr'><strong>literaturae</strong></span> <span class='ocrx_word' id='word_1_107' title='bbox 312 1912 484 1970; x_wconf 88' lang='lat' dir='ltr'><strong>auctorum</strong></span> <span class='ocrx_word' id='word_1_108' title='bbox 505 1906 690 1972; x_wconf 88' lang='lat' dir='ltr'><strong>lectissima</strong></span> <span class='ocrx_word' id='word_1_109' title='bbox 712 1906 882 1990; x_wconf 87' lang='lat' dir='ltr'><strong>supellex,</strong></span> <span class='ocrx_word' id='word_1_110' title='bbox 906 1925 993 1988; x_wconf 90' lang='lat' dir='ltr'><strong>quos</strong></span> <span class='ocrx_word' id='word_1_111' title='bbox 1018 1906 1103 1968; x_wconf 85' lang='lat' dir='ltr'><strong>iuter</strong></span> <span class='ocrx_word' id='word_1_112' title='bbox 1117 1904 1213 1986; x_wconf 85' lang='lat' dir='ltr'><strong>Apa·</strong></span> 
     </span>
     <span class='ocr_line' id='line_1_17' title="bbox 112 2003 1256 2090; baseline -0.003 -21"><span class='ocrx_word' id='word_1_113' title='bbox 112 2007 196 2070; x_wconf 91' lang='lat' dir='ltr'><strong>leius</strong></span> <span class='ocrx_word' id='word_1_114' title='bbox 211 2026 349 2090; x_wconf 89' lang='lat' dir='ltr'><strong>quoque</strong></span> <span class='ocrx_word' id='word_1_115' title='bbox 362 2014 474 2072; x_wconf 85' lang='lat' dir='ltr'><strong>noster</strong></span> <span class='ocrx_word' id='word_1_116' title='bbox 488 2008 602 2072; x_wconf 91' lang='lat' dir='ltr'><strong>locum</strong></span> <span class='ocrx_word' id='word_1_117' title='bbox 616 2007 681 2072; x_wconf 91' lang='lat' dir='ltr'><strong>sibi</strong></span> <span class='ocrx_word' id='word_1_118' title='bbox 699 2007 844 2090; x_wconf 87' lang='lat' dir='ltr'><strong>aliquem</strong></span> <span class='ocrx_word' id='word_1_119' title='bbox 859 2005 931 2070; x_wconf 89' lang='lat' dir='ltr'><strong>dari</strong></span> <span class='ocrx_word' id='word_1_120' title='bbox 953 2003 1102 2088; x_wconf 87' lang='lat' dir='ltr'><strong>postulat</strong></span> <span class='ocrx_word' id='word_1_121' title='bbox 1117 2023 1124 2067; x_wconf 93' lang='lat'><strong>:</strong></span> <span class='ocrx_word' id='word_1_122' title='bbox 1147 2023 1214 2069; x_wconf 90' lang='lat' dir='ltr'><strong>nou</strong></span> <span class='ocrx_word' id='word_1_123' title='bbox 1254 2047 1256 2052; x_wconf 67' lang='lat'><strong>,</strong></span> 
     </span>
     <span class='ocr_line' id='line_1_18' title="bbox 113 2105 1215 2190; baseline -0.001 -19"><span class='ocrx_word' id='word_1_124' title='bbox 113 2108 204 2190; x_wconf 85' lang='lat' dir='ltr'><strong>qaod</strong></span> <span class='ocrx_word' id='word_1_125' title='bbox 220 2113 350 2173; x_wconf 85' lang='lat' dir='ltr'><strong>tantum</strong></span> <span class='ocrx_word' id='word_1_126' title='bbox 377 2109 444 2172; x_wconf 89' lang='lat' dir='ltr'><strong>sibi</strong></span> <span class='ocrx_word' id='word_1_127' title='bbox 470 2114 613 2190; x_wconf 89' lang='lat' dir='ltr'><strong>arroget,</strong></span> <span class='ocrx_word' id='word_1_128' title='bbox 639 2118 677 2172; x_wconf 89' lang='lat' dir='ltr'><strong>ut</strong></span> <span class='ocrx_word' id='word_1_129' title='bbox 704 2107 830 2190; x_wconf 88' lang='lat' dir='ltr'><strong>Regios</strong></span> <span class='ocrx_word' id='word_1_130' title='bbox 854 2106 984 2171; x_wconf 87' lang='lat' dir='ltr'><strong>Pueros</strong></span> <span class='ocrx_word' id='word_1_131' title='bbox 1000 2105 1116 2189; x_wconf 90' lang='lat' dir='ltr'><strong>cupiat</strong></span> <span class='ocrx_word' id='word_1_132' title='bbox 1131 2105 1215 2170; x_wconf 81' lang='lat' dir='ltr'><strong>iuter</strong></span> 
     </span>
     <span class='ocr_line' id='line_1_19' title="bbox 114 2204 1213 2293; baseline -0.003 -21"><span class='ocrx_word' id='word_1_133' title='bbox 114 2207 271 2274; x_wconf 88' lang='lat' dir='ltr'><strong>Milesias</strong></span> <span class='ocrx_word' id='word_1_134' title='bbox 285 2228 368 2274; x_wconf 86' lang='lat' dir='ltr'><strong>sues</strong></span> <span class='ocrx_word' id='word_1_135' title='bbox 390 2209 540 2275; x_wconf 90' lang='lat' dir='ltr'><strong>Punicas</strong></span> <span class='ocrx_word' id='word_1_136' title='bbox 555 2228 809 2288; x_wconf 88' lang='lat' dir='ltr'><strong>consenescere,</strong></span> <span class='ocrx_word' id='word_1_137' title='bbox 831 2207 922 2293; x_wconf 92' lang='lat' dir='ltr'><strong>quod</strong></span> <span class='ocrx_word' id='word_1_138' title='bbox 948 2207 1071 2272; x_wconf 88' lang='lat' dir='ltr'><strong>Clodio</strong></span> <span class='ocrx_word' id='word_1_139' title='bbox 1087 2204 1213 2270; x_wconf 85' lang='lat' dir='ltr'><strong>Albino</strong></span> 
     </span>
     <span class='ocr_line' id='line_1_20' title="bbox 113 2307 1213 2394; baseline -0.002 -20"><span class='ocrx_word' id='word_1_140' title='bbox 113 2311 280 2394; x_wconf 90' lang='lat' dir='ltr'><strong>quondam</strong></span> <span class='ocrx_word' id='word_1_141' title='bbox 294 2312 525 2394; x_wconf 83' lang='lat' dir='ltr'><strong>exprobrabat</strong></span> <span class='ocrx_word' id='word_1_142' title='bbox 542 2311 729 2394; x_wconf 90' lang='lat' dir='ltr'><strong>imperator</strong></span> <span class='ocrx_word' id='word_1_143' title='bbox 744 2309 911 2388; x_wconf 81' lang='lat' dir='ltr'><strong>Sevem1s3</strong></span> <span class='ocrx_word' id='word_1_144' title='bbox 934 2308 993 2374; x_wconf 88' lang='lat' dir='ltr'><strong>sed</strong></span> <span class='ocrx_word' id='word_1_145' title='bbox 1009 2307 1111 2392; x_wconf 88' lang='lat' dir='ltr'><strong>qaod,</strong></span> <span class='ocrx_word' id='word_1_146' title='bbox 1136 2325 1213 2388; x_wconf 87' lang='lat' dir='ltr'><strong>gua-</strong></span> 
     </span>
     <span class='ocr_line' id='line_1_21' title="bbox 113 2409 1214 2496; baseline -0.005 -22"><span class='ocrx_word' id='word_1_147' title='bbox 113 2431 165 2474; x_wconf 85' lang='lat' dir='ltr'><strong>rus</strong></span> <span class='ocrx_word' id='word_1_148' title='bbox 180 2412 266 2477; x_wconf 90' lang='lat' dir='ltr'><strong>utile</strong></span> <span class='ocrx_word' id='word_1_149' title='bbox 280 2411 374 2478; x_wconf 91' lang='lat' dir='ltr'><strong>dulci</strong></span> <span class='ocrx_word' id='word_1_150' title='bbox 389 2413 606 2496; x_wconf 88' lang='lat' dir='ltr'><strong>Principibus</strong></span> <span class='ocrx_word' id='word_1_151' title='bbox 621 2413 765 2476; x_wconf 87' lang='lat' dir='ltr'><strong>maxime</strong></span> <span class='ocrx_word' id='word_1_152' title='bbox 787 2412 902 2494; x_wconf 89' lang='lat' dir='ltr'><strong>pueris</strong></span> <span class='ocrx_word' id='word_1_153' title='bbox 926 2429 1002 2474; x_wconf 90' lang='lat' dir='ltr'><strong>esse</strong></span> <span class='ocrx_word' id='word_1_154' title='bbox 1024 2409 1214 2472; x_wconf 91' lang='lat' dir='ltr'><strong>admiscen-</strong></span> 
     </span>
    </p>
   </div>
   <div class='ocr_carea' id='block_1_4' title="bbox 8 2506 1214 2604">
    <p class='ocr_par' dir='ltr' id='par_1_4' title="bbox 8 2506 1214 2604">
     <span class='ocr_line' id='line_1_22' title="bbox 8 2506 1214 2604; baseline -0.007 -26"><span class='ocrx_word' id='word_1_155' title='bbox 8 2513 10 2596; x_wconf 63' lang='grc' dir='ltr'>ζ</span> <span class='ocrx_word' id='word_1_156' title='bbox 114 2512 203 2588; x_wconf 90' lang='lat' dir='ltr'><strong>dum,</strong></span> <span class='ocrx_word' id='word_1_157' title='bbox 225 2531 293 2576; x_wconf 90' lang='lat' dir='ltr'><strong>uon</strong></span> <span class='ocrx_word' id='word_1_158' title='bbox 315 2511 472 2596; x_wconf 89' lang='lat' dir='ltr'><strong>desperet</strong></span> <span class='ocrx_word' id='word_1_159' title='bbox 494 2513 642 2596; x_wconf 87' lang='lat' dir='ltr'><strong>amplam</strong></span> <span class='ocrx_word' id='word_1_160' title='bbox 665 2512 862 2576; x_wconf 89' lang='lat' dir='ltr'><strong>eruditionis</strong></span> <span class='ocrx_word' id='word_1_161' title='bbox 889 2529 974 2588; x_wconf 89' lang='lat' dir='ltr'><strong>suae,</strong></span> <span class='ocrx_word' id='word_1_162' title='bbox 987 2506 1214 2604; x_wconf 63' lang='lat' dir='ltr'><strong>¹obsoletioris</strong></span> 
     </span>
    </p>
   </div>
   <div class='ocr_carea' id='block_1_5' title="bbox 113 2610 1214 2695">
    <p class='ocr_par' dir='ltr' id='par_1_5' title="bbox 113 2610 1214 2695">
     <span class='ocr_line' id='line_1_23' title="bbox 113 2610 1214 2695; baseline -0.005 -17"><span class='ocrx_word' id='word_1_163' title='bbox 113 2613 212 2695; x_wconf 84' lang='lat' dir='ltr'><strong>paulo</strong></span> <span class='ocrx_word' id='word_1_164' title='bbox 229 2619 267 2676; x_wconf 87' lang='lat' dir='ltr'><strong>et</strong></span> <span class='ocrx_word' id='word_1_165' title='bbox 281 2612 526 2690; x_wconf 87' lang='lat' dir='ltr'><strong>salebrosioris,</strong></span> <span class='ocrx_word' id='word_1_166' title='bbox 541 2630 659 2695; x_wconf 89' lang='lat' dir='ltr'><strong>penum</strong></span> <span class='ocrx_word' id='word_1_167' title='bbox 676 2611 798 2676; x_wconf 86' lang='lat' dir='ltr'><strong>tabulis</strong></span> <span class='ocrx_word' id='word_1_168' title='bbox 810 2631 877 2678; x_wconf 92' lang='lat' dir='ltr'><strong>noa</strong></span> <span class='ocrx_word' id='word_1_169' title='bbox 891 2611 1032 2674; x_wconf 87' lang='lat' dir='ltr'><strong>inficetis</strong></span> <span class='ocrx_word' id='word_1_170' title='bbox 1043 2610 1214 2674; x_wconf 85' lang='lat' dir='ltr'><strong>conditam</strong></span> 
     </span>
    </p>
   </div>
   <div class='ocr_carea' id='block_1_6' title="bbox 16 2708 1214 2794">
    <p class='ocr_par' dir='ltr' id='par_1_6' title="bbox 16 2708 1214 2794">
     <span class='ocr_line' id='line_1_24' title="bbox 16 2708 1214 2794; baseline -0.004 -18"><span class='ocrx_word' id='word_1_171' title='bbox 16 2717 19 2726; x_wconf 82' lang='grc'><em>’</em></span> <span class='ocrx_word' id='word_1_172' title='bbox 114 2715 196 2794; x_wconf 91' lang='lat' dir='ltr'><strong>ipsis</strong></span> <span class='ocrx_word' id='word_1_173' title='bbox 212 2713 284 2778; x_wconf 84' lang='lat' dir='ltr'><strong>iore</strong></span> <span class='ocrx_word' id='word_1_174' title='bbox 299 2733 363 2779; x_wconf 90' lang='lat' dir='ltr'><strong>nec</strong></span> <span class='ocrx_word' id='word_1_175' title='bbox 381 2713 541 2788; x_wconf 87' lang='lat' dir='ltr'><strong>inutilem,</strong></span> <span class='ocrx_word' id='word_1_176' title='bbox 562 2731 623 2776; x_wconf 90' lang='lat' dir='ltr'><strong>nec</strong></span> <span class='ocrx_word' id='word_1_177' title='bbox 650 2711 875 2794; x_wconf 90' lang='lat' dir='ltr'><strong>injucundam.</strong></span> <span class='ocrx_word' id='word_1_178' title='bbox 921 2709 985 2772; x_wconf 88' lang='lat' dir='ltr'><strong>Est</strong></span> <span class='ocrx_word' id='word_1_179' title='bbox 1005 2715 1038 2772; x_wconf 90' lang='lat' dir='ltr'><strong>et</strong></span> <span class='ocrx_word' id='word_1_180' title='bbox 1060 2708 1119 2770; x_wconf 91' lang='lat' dir='ltr'><strong>ubi</strong></span> <span class='ocrx_word' id='word_1_181' title='bbox 1143 2727 1214 2789; x_wconf 88' lang='lat' dir='ltr'><strong>gra·</strong></span> 
     </span>
    </p>
   </div>
   <div class='ocr_carea' id='block_1_7' title="bbox 113 2809 1250 4108">
    <p class='ocr_par' dir='ltr' id='par_1_7' title="bbox 113 2809 1250 4108">
     <span class='ocr_line' id='line_1_25' title="bbox 113 2809 1213 2900; baseline -0.006 -22"><span class='ocrx_word' id='word_1_182' title='bbox 113 2816 225 2880; x_wconf 80' lang='lat' dir='ltr'><strong>riores</strong></span> <span class='ocrx_word' id='word_1_183' title='bbox 240 2833 404 2900; x_wconf 88' lang='lat' dir='ltr'><strong>personas</strong></span> <span class='ocrx_word' id='word_1_184' title='bbox 420 2815 595 2890; x_wconf 86' lang='lat' dir='ltr'><strong>sustineat,</strong></span> <span class='ocrx_word' id='word_1_185' title='bbox 624 2811 773 2878; x_wconf 85' lang='lat' dir='ltr'><strong>oratoris</strong></span> <span class='ocrx_word' id='word_1_186' title='bbox 797 2811 927 2876; x_wconf 88' lang='lat' dir='ltr'><strong>scilicet</strong></span> <span class='ocrx_word' id='word_1_187' title='bbox 951 2809 1083 2893; x_wconf 89' lang='lat' dir='ltr'><strong>copiosi</strong></span> <span class='ocrx_word' id='word_1_188' title='bbox 1106 2813 1140 2872; x_wconf 87' lang='lat' dir='ltr'><strong>et</strong></span> <span class='ocrx_word' id='word_1_189' title='bbox 1165 2809 1213 2872; x_wconf 91' lang='lat' dir='ltr'><strong>in·</strong></span> 
     </span>
     <span class='ocr_line' id='line_1_26' title="bbox 113 2909 1214 3000; baseline -0.008 -18"><span class='ocrx_word' id='word_1_190' title='bbox 113 2917 305 2998; x_wconf 85' lang='lat' dir='ltr'><strong>geniosi,&#39;in</strong></span> <span class='ocrx_word' id='word_1_191' title='bbox 320 2915 453 3000; x_wconf 89' lang='lat' dir='ltr'><strong>prolixa</strong></span> <span class='ocrx_word' id='word_1_192' title='bbox 468 2933 530 2980; x_wconf 87' lang='lat' dir='ltr'><strong>sua</strong></span> <span class='ocrx_word' id='word_1_193' title='bbox 545 2913 739 2996; x_wconf 79' lang='lat' dir='ltr'><strong>Apologia,¹</strong></span> <span class='ocrx_word' id='word_1_194' title='bbox 752 2923 786 2980; x_wconf 90' lang='lat' dir='ltr'><strong>et</strong></span> <span class='ocrx_word' id='word_1_195' title='bbox 811 2911 1020 2995; x_wconf 81' lang='lat' dir='ltr'><strong>Fragmentis</strong></span> <span class='ocrx_word' id='word_1_196' title='bbox 1035 2927 1111 2974; x_wconf 83' lang='lat' dir='ltr'><strong>vero</strong></span> <span class='ocrx_word' id='word_1_197' title='bbox 1126 2909 1214 2974; x_wconf 85' lang='lat' dir='ltr'><strong>flori·</strong></span> 
     </span>
     <span class='ocr_line' id='line_1_27' title="bbox 115 3009 1214 3097; baseline -0.007 -17"><span class='ocrx_word' id='word_1_198' title='bbox 115 3017 164 3081; x_wconf 91' lang='lat' dir='ltr'><strong>dis</strong></span> <span class='ocrx_word' id='word_1_199' title='bbox 179 3017 325 3082; x_wconf 87' lang='lat' dir='ltr'><strong>aliarum</strong></span> <span class='ocrx_word' id='word_1_200' title='bbox 344 3018 538 3092; x_wconf 89' lang='lat' dir='ltr'><strong>orationum,</strong></span> <span class='ocrx_word' id='word_1_201' title='bbox 563 3033 604 3079; x_wconf 88' lang='lat' dir='ltr'><strong>ac</strong></span> <span class='ocrx_word' id='word_1_202' title='bbox 629 3014 829 3097; x_wconf 88' lang='lat' dir='ltr'><strong>Philosophi</strong></span> <span class='ocrx_word' id='word_1_203' title='bbox 853 3033 921 3078; x_wconf 90' lang='lat' dir='ltr'><strong>noa</strong></span> <span class='ocrx_word' id='word_1_204' title='bbox 946 3009 1156 3091; x_wconf 85' lang='lat' dir='ltr'><strong>inelegantis,</strong></span> <span class='ocrx_word' id='word_1_205' title='bbox 1179 3010 1214 3072; x_wconf 92' lang='lat' dir='ltr'><strong>in</strong></span> 
     </span>
     <span class='ocr_line' id='line_1_28' title="bbox 115 3110 1213 3202; baseline -0.007 -18"><span class='ocrx_word' id='word_1_206' title='bbox 115 3117 290 3202; x_wconf 87' lang='lat' dir='ltr'><strong>opusculis</strong></span> <span class='ocrx_word' id='word_1_207' title='bbox 316 3118 398 3196; x_wconf 90' lang='lat' dir='ltr'><strong>illis,</strong></span> <span class='ocrx_word' id='word_1_208' title='bbox 421 3119 455 3182; x_wconf 93' lang='lat' dir='ltr'><strong>in</strong></span> <span class='ocrx_word' id='word_1_209' title='bbox 480 3117 603 3200; x_wconf 81' lang='lat' dir='ltr'><strong>quibus</strong></span> <span class='ocrx_word' id='word_1_210' title='bbox 627 3117 730 3179; x_wconf 89' lang='lat' dir='ltr'><strong>totius</strong></span> <span class='ocrx_word' id='word_1_211' title='bbox 746 3114 933 3179; x_wconf 88' lang='lat' dir='ltr'><strong>Platonicae</strong></span> <span class='ocrx_word' id='word_1_212' title='bbox 951 3112 1124 3176; x_wconf 82' lang='lat' dir='ltr'><strong>Doctrinae</strong></span> <span class='ocrx_word' id='word_1_213' title='bbox 1140 3110 1213 3191; x_wconf 85' lang='lat' dir='ltr'><strong>ptu-</strong></span> 
     </span>
     <span class='ocr_line' id='line_1_29' title="bbox 115 3207 1214 3300; baseline -0.012 -15"><span class='ocrx_word' id='word_1_214' title='bbox 115 3221 189 3296; x_wconf 84' lang='lat' dir='ltr'><strong>cita‚</strong></span> <span class='ocrx_word' id='word_1_215' title='bbox 204 3220 274 3284; x_wconf 91' lang='lat' dir='ltr'><strong>huc</strong></span> <span class='ocrx_word' id='word_1_216' title='bbox 289 3218 372 3283; x_wconf 93' lang='lat' dir='ltr'><strong>illac</strong></span> <span class='ocrx_word' id='word_1_217' title='bbox 387 3219 421 3282; x_wconf 91' lang='lat' dir='ltr'><strong>in</strong></span> <span class='ocrx_word' id='word_1_218' title='bbox 437 3216 635 3300; x_wconf 91' lang='lat' dir='ltr'><strong>Philosophi</strong></span> <span class='ocrx_word' id='word_1_219' title='bbox 652 3215 742 3279; x_wconf 90' lang='lat' dir='ltr'><strong>illius</strong></span> <span class='ocrx_word' id='word_1_220' title='bbox 759 3213 913 3295; x_wconf 87' lang='lat' dir='ltr'><strong>Dialogis</strong></span> <span class='ocrx_word' id='word_1_221' title='bbox 928 3230 1060 3294; x_wconf 88' lang='lat' dir='ltr'><strong>sparsa,</strong></span> <span class='ocrx_word' id='word_1_222' title='bbox 1075 3207 1214 3289; x_wconf 85' lang='lat' dir='ltr'><strong>colligit,</strong></span> 
     </span>
     <span class='ocr_line' id='line_1_30' title="bbox 115 3309 1214 3402; baseline -0.014 -15"><span class='ocrx_word' id='word_1_223' title='bbox 115 3342 154 3388; x_wconf 88' lang='lat' dir='ltr'><strong>ac</strong></span> <span class='ocrx_word' id='word_1_224' title='bbox 170 3321 277 3386; x_wconf 87' lang='lat' dir='ltr'><strong>veluti</strong></span> <span class='ocrx_word' id='word_1_225' title='bbox 300 3320 336 3384; x_wconf 92' lang='lat' dir='ltr'><strong>iu</strong></span> <span class='ocrx_word' id='word_1_226' title='bbox 352 3317 603 3402; x_wconf 87' lang='lat' dir='ltr'><strong>compendiaria</strong></span> <span class='ocrx_word' id='word_1_227' title='bbox 616 3316 742 3381; x_wconf 87' lang='lat' dir='ltr'><strong>tabella</strong></span> <span class='ocrx_word' id='word_1_228' title='bbox 768 3314 864 3398; x_wconf 87' lang='lat' dir='ltr'><strong>pouit</strong></span> <span class='ocrx_word' id='word_1_229' title='bbox 879 3317 954 3377; x_wconf 88' lang='lat' dir='ltr'><strong>aute</strong></span> <span class='ocrx_word' id='word_1_230' title='bbox 970 3312 1101 3376; x_wconf 88' lang='lat' dir='ltr'><strong>oculos.</strong></span> <span class='ocrx_word' id='word_1_231' title='bbox 1146 3309 1214 3372; x_wconf 87' lang='lat' dir='ltr'><strong>llis</strong></span> 
     </span>
     <span class='ocr_line' id='line_1_31' title="bbox 114 3412 1214 3504; baseline -0.017 -16"><span class='ocrx_word' id='word_1_232' title='bbox 114 3423 316 3500; x_wconf 88' lang='lat' dir='ltr'><strong>nominibus,</strong></span> <span class='ocrx_word' id='word_1_233' title='bbox 335 3428 368 3487; x_wconf 90' lang='lat' dir='ltr'><strong>et</strong></span> <span class='ocrx_word' id='word_1_234' title='bbox 381 3419 469 3504; x_wconf 92' lang='lat' dir='ltr'><strong>quod</strong></span> <span class='ocrx_word' id='word_1_235' title='bbox 484 3439 506 3485; x_wconf 90' lang='lat' dir='ltr'><strong>a</strong></span> <span class='ocrx_word' id='word_1_236' title='bbox 520 3440 574 3483; x_wconf 89' lang='lat' dir='ltr'><strong>mo</strong></span> <span class='ocrx_word' id='word_1_237' title='bbox 590 3419 655 3483; x_wconf 86' lang='lat' dir='ltr'><strong>tuis</strong></span> <span class='ocrx_word' id='word_1_238' title='bbox 672 3419 734 3482; x_wconf 92' lang='lat' dir='ltr'><strong>sub</strong></span> <span class='ocrx_word' id='word_1_239' title='bbox 751 3415 917 3500; x_wconf 83' lang='lat' dir='ltr'><strong>auspiciis</strong></span> <span class='ocrx_word' id='word_1_240' title='bbox 932 3412 1102 3498; x_wconf 85' lang='lat' dir='ltr'><strong>expolitus</strong></span> <span class='ocrx_word' id='word_1_241' title='bbox 1117 3429 1214 3474; x_wconf 75' lang='lat' dir='ltr'><strong>exor.</strong></span> 
     </span>
     <span class='ocr_line' id='line_1_32' title="bbox 115 3511 1212 3607; baseline -0.013 -19"><span class='ocrx_word' id='word_1_242' title='bbox 115 3535 281 3607; x_wconf 88' lang='lat' dir='ltr'><strong>natusque</strong></span> <span class='ocrx_word' id='word_1_243' title='bbox 295 3533 360 3601; x_wconf 88' lang='lat' dir='ltr'><strong>est,</strong></span> <span class='ocrx_word' id='word_1_244' title='bbox 383 3531 419 3586; x_wconf 90' lang='lat' dir='ltr'><strong>et</strong></span> <span class='ocrx_word' id='word_1_245' title='bbox 434 3520 684 3603; x_wconf 82' lang='lat' dir='ltr'><strong>Angustissimo</strong></span> <span class='ocrx_word' id='word_1_246' title='bbox 700 3526 756 3583; x_wconf 93' lang='lat' dir='ltr'><strong>tuo</strong></span> <span class='ocrx_word' id='word_1_247' title='bbox 773 3515 910 3582; x_wconf 87' lang='lat' dir='ltr'><strong>Nemini</strong></span> <span class='ocrx_word' id='word_1_248' title='bbox 926 3514 1120 3596; x_wconf 87' lang='lat' dir='ltr'><strong>inscriptus,</strong></span> <span class='ocrx_word' id='word_1_249' title='bbox 1140 3511 1212 3574; x_wconf 90' lang='lat' dir='ltr'><strong>adi-</strong></span> 
     </span>
     <span class='ocr_line' id='line_1_33' title="bbox 117 3611 1214 3708; baseline -0.017 -16"><span class='ocrx_word' id='word_1_250' title='bbox 117 3633 181 3692; x_wconf 91' lang='lat' dir='ltr'><strong>tum</strong></span> <span class='ocrx_word' id='word_1_251' title='bbox 199 3623 714 3708; x_wconf 76' lang='lat' dir='ltr'><strong>adteqaaerit,Suaau1ssrars</strong></span> <span class='ocrx_word' id='word_1_252' title='bbox 731 3619 956 3683; x_wconf 76' lang='lat' dir='ltr'><strong>Danuuius:</strong></span> <span class='ocrx_word' id='word_1_253' title='bbox 977 3634 1074 3698; x_wconf 90' lang='lat' dir='ltr'><strong>quem</strong></span> <span class='ocrx_word' id='word_1_254' title='bbox 1090 3613 1118 3680; x_wconf 90' lang='lat' dir='ltr'><strong>si</strong></span> <span class='ocrx_word' id='word_1_255' title='bbox 1133 3611 1214 3674; x_wconf 85' lang='lat' dir='ltr'><strong>iaci·</strong></span> 
     </span>
     <span class='ocr_line' id='line_1_34' title="bbox 117 3713 1213 3804; baseline -0.015 -14"><span class='ocrx_word' id='word_1_256' title='bbox 117 3727 179 3792; x_wconf 89' lang='lat' dir='ltr'><strong>lem</strong></span> <span class='ocrx_word' id='word_1_257' title='bbox 195 3729 227 3790; x_wconf 90' lang='lat' dir='ltr'><strong>ei</strong></span> <span class='ocrx_word' id='word_1_258' title='bbox 243 3725 464 3803; x_wconf 86' lang='lat' dir='ltr'><strong>concesseris,</strong></span> <span class='ocrx_word' id='word_1_259' title='bbox 486 3725 517 3788; x_wconf 90' lang='lat' dir='ltr'><strong>si</strong></span> <span class='ocrx_word' id='word_1_260' title='bbox 540 3729 618 3788; x_wconf 87' lang='lat' dir='ltr'><strong>vota</strong></span> <span class='ocrx_word' id='word_1_261' title='bbox 632 3729 667 3786; x_wconf 89' lang='lat' dir='ltr'><strong>ct</strong></span> <span class='ocrx_word' id='word_1_262' title='bbox 681 3721 843 3804; x_wconf 88' lang='lat' dir='ltr'><strong>obsequia</strong></span> <span class='ocrx_word' id='word_1_263' title='bbox 857 3737 932 3782; x_wconf 88' lang='lat' dir='ltr'><strong>mea</strong></span> <span class='ocrx_word' id='word_1_264' title='bbox 946 3715 1143 3780; x_wconf 77' lang='lat' dir='ltr'><strong>deserentem</strong></span> <span class='ocrx_word' id='word_1_265' title='bbox 1157 3713 1213 3774; x_wconf 89' lang='lat' dir='ltr'><strong>hc·</strong></span> 
     </span>
     <span class='ocr_line' id='line_1_35' title="bbox 119 3822 1216 3912; baseline -0.015 -20"><span class='ocrx_word' id='word_1_266' title='bbox 119 3829 213 3912; x_wconf 89' lang='lat' dir='ltr'><strong>nigue</strong></span> <span class='ocrx_word' id='word_1_267' title='bbox 233 3827 426 3912; x_wconf 80' lang='lat' dir='ltr'><strong>exceperis,</strong></span> <span class='ocrx_word' id='word_1_268' title='bbox 453 3831 486 3892; x_wconf 87' lang='lat' dir='ltr'><strong>et</strong></span> <span class='ocrx_word' id='word_1_269' title='bbox 500 3826 535 3889; x_wconf 91' lang='lat' dir='ltr'><strong>in</strong></span> <span class='ocrx_word' id='word_1_270' title='bbox 552 3833 682 3890; x_wconf 89' lang='lat' dir='ltr'><strong>tuorum</strong></span> <span class='ocrx_word' id='word_1_271' title='bbox 700 3822 846 3886; x_wconf 87' lang='lat' dir='ltr'><strong>volueris</strong></span> <span class='ocrx_word' id='word_1_272' title='bbox 861 3839 936 3886; x_wconf 89' lang='lat' dir='ltr'><strong>esse</strong></span> <span class='ocrx_word' id='word_1_273' title='bbox 950 3835 1102 3890; x_wconf 89' lang='lat' dir='ltr'><strong>numero,</strong></span> <span class='ocrx_word' id='word_1_274' title='bbox 1118 3829 1216 3876; x_wconf 89' lang='lat' dir='ltr'><strong>curas</strong></span> 
     </span>
     <span class='ocr_line' id='line_1_36' title="bbox 118 3913 1212 4013; baseline -0.018 -19"><span class='ocrx_word' id='word_1_275' title='bbox 118 3931 318 4013; x_wconf 84' lang='lat' dir='ltr'><strong>vigiliasque</strong></span> <span class='ocrx_word' id='word_1_276' title='bbox 332 3949 427 3994; x_wconf 90' lang='lat' dir='ltr'><strong>meas</strong></span> <span class='ocrx_word' id='word_1_277' title='bbox 440 3929 564 4011; x_wconf 86' lang='lat' dir='ltr'><strong>optime</strong></span> <span class='ocrx_word' id='word_1_278' title='bbox 579 3924 760 3990; x_wconf 84' lang='lat' dir='ltr'><strong>collocatas</strong></span> <span class='ocrx_word' id='word_1_279' title='bbox 774 3923 911 4005; x_wconf 88' lang='lat' dir='ltr'><strong>putabo,</strong></span> <span class='ocrx_word' id='word_1_280' title='bbox 921 3923 1021 4000; x_wconf 89' lang='lat' dir='ltr'><strong>atque</strong></span> <span class='ocrx_word' id='word_1_281' title='bbox 1033 3913 1076 3978; x_wconf 91' lang='lat' dir='ltr'><strong>ad</strong></span> <span class='ocrx_word' id='word_1_282' title='bbox 1090 3931 1212 3976; x_wconf 87' lang='lat' dir='ltr'><strong>novam</strong></span> 
     </span>
     <span class='ocr_line' id='line_1_37' title="bbox 120 4016 1250 4108; baseline -0.019 -12"><span class='ocrx_word' id='word_1_283' title='bbox 120 4033 261 4098; x_wconf 79' lang='lat' dir='ltr'><strong>Ausonii</strong></span> <span class='ocrx_word' id='word_1_284' title='bbox 289 4030 410 4096; x_wconf 71' lang='lat' dir='ltr'><strong>Poetae</strong></span> <span class='ocrx_word' id='word_1_285' title='bbox 435 4027 625 4104; x_wconf 88' lang='lat' dir='ltr'><strong>editionem,</strong></span> <span class='ocrx_word' id='word_1_286' title='bbox 649 4044 750 4108; x_wconf 87' lang='lat' dir='ltr'><strong>quam</strong></span> <span class='ocrx_word' id='word_1_287' title='bbox 767 4024 828 4087; x_wconf 90' lang='lat' dir='ltr'><strong>tibi</strong></span> <span class='ocrx_word' id='word_1_288' title='bbox 842 4022 979 4095; x_wconf 88' lang='lat' dir='ltr'><strong>adorno,</strong></span> <span class='ocrx_word' id='word_1_289' title='bbox 1004 4016 1144 4081; x_wconf 87' lang='lat' dir='ltr'><strong>alacrior</strong></span> <span class='ocrx_word' id='word_1_290' title='bbox 1160 4032 1213 4076; x_wconf 89' lang='lat' dir='ltr'><strong>rne</strong></span> <span class='ocrx_word' id='word_1_291' title='bbox 1245 4055 1250 4063; x_wconf 86' lang='lat'>-</span> 
     </span>
    </p>
   </div>
   <div class='ocr_carea' id='block_1_8' title="bbox 121 4135 300 4218">
    <p class='ocr_par' dir='ltr' id='par_1_8' title="bbox 121 4135 300 4218">
     <span class='ocr_line' id='line_1_38' title="bbox 121 4135 300 4218; baseline -0.045 -15"><span class='ocrx_word' id='word_1_292' title='bbox 121 4135 300 4218; x_wconf 84' lang='lat' dir='ltr'><strong>accingam.</strong></span> 
     </span>
    </p>
   </div>
   <div class='ocr_carea' id='block_1_9' title="bbox 0 0 1470 4770">
    <p class='ocr_par' dir='ltr' id='par_1_9' title="bbox 0 0 1470 4770">
     <span class='ocr_line' id='line_1_39' title="bbox 0 0 1470 4770; baseline 0 0"><span class='ocrx_word' id='word_1_293' title='bbox 0 0 1470 4770; x_wconf 95' lang='lat' dir='ltr'><strong> </strong></span> 
     </span>
    </p>
   </div>
  </div>
 </body>
</html>
