2914 4770
247 329 291 393 ll
661 342 819 392 ,ιιυιιιιι
845 341 948 392 vrrs.

247 488 479 572 Pastophoros
494 491 684 571 cooptatus,
700 501 871 549 sacrarum
885 485 997 549 munis
1016 485 1109 564 obiit.
1156 484 1351 568 Dignitates

248 595 361 655 autem
376 589 451 654 istae
464 595 501 652 et
516 587 652 658 eximiae
662 584 860 650 eruditionis
874 584 964 650 sama
977 587 1089 652 varios
1103 587 1153 652 illi
1162 588 1194 651 in
1211 587 1352 652 diversis

247 691 443 757 civitatibus
452 697 636 754 statuarum
649 688 792 754 honores
803 693 1011 771 pepererant.
1026 687 1218 770 Carthagini
1233 707 1277 752 ex
1290 687 1351 752 de-

214 840 218 853 .
247 801 340 858 creto
354 789 619 874 splendidissimi
633 789 760 854 ordinis
775 795 890 854 statua
900 794 952 854 est
965 789 1016 854 illi
1027 790 1152 857 locata.
1176 791 1255 856 OEae
1264 808 1350 872 qno·

247 914 312 979 quc
338 901 485 961 statuam
500 891 648 975 Apuleio
670 897 827 969 erectam,
843 891 923 956 licet
945 891 1039 956 cives
1054 891 1187 974 aliquot
1202 892 1350 958 OEenses

244 996 494 1073 intercederent,
508 994 553 1059 D.
568 994 656 1077 Aug.
680 993 791 1059 refert.
836 993 919 1060 Non
941 993 1054 1077 potuit
1075 999 1186 1058 autem
1204 995 1241 1058 in
1255 1000 1350 1060 tauta

244 1099 389 1163 nominis
404 1096 609 1172 celebritate,
630 1095 732 1161 lauhs
752 1095 855 1160 animi
876 1095 986 1172 bouis,
1001 1101 1073 1158 tam
1087 1095 1253 1177 praeclara
1266 1095 1349 1162 doc·

55 1197 58 1204 '
115 1273 118 1280 ,
246 1201 344 1276 idua,
361 1199 441 1283 quin
452 1198 615 1282 plurimos
634 1197 765 1262 amicos
777 1197 950 1280 reperiret:
966 1197 1156 1278 praesertim
1172 1215 1249 1262 cum
1264 1198 1350 1262 mul·

246 1310 355 1366 torum
368 1298 481 1364 studia
492 1299 619 1383 passim
634 1300 770 1384 juvaret
789 1319 858 1383 qua
871 1299 1020 1383 publicis
1042 1298 1348 1377 dissertationibus,

244 1419 314 1484 qua
327 1400 427 1466 editis
441 1402 565 1486 ingenii
576 1402 628 1466 sni
637 1403 866 1468 monumentis.
891 1401 976 1467 lude
985 1409 1040 1466 est
1052 1401 1146 1483 quod
1157 1400 1200 1464 ad
1212 1400 1348 1483 Scipio-

245 1524 320 1570 nem
344 1501 534 1586 Orphitnm,
549 1503 676 1570 Africae
693 1504 835 1570 Procos.
851 1505 996 1570 scribere
1012 1509 1240 1568 annueretur:
1264 1507 1275 1536 ‘
1291 1502 1347 1568 lta

245 1623 377 1687 semper
391 1606 435 1669 ab
450 1606 583 1670 ineunte
599 1624 673 1674 sevo
694 1606 802 1670 bonas
828 1613 919 1669 artes
941 1604 1058 1669 sedulo
1080 1605 1182 1680 colui,
1204 1623 1347 1688 eamque

243 1707 525 1771 existimationem
554 1724 683 1770 morum
719 1725 761 1770 ac
784 1706 970 1771 studiorum
992 1725 1068 1771 cnm
1096 1706 1131 1770 iu
1165 1704 1347 1770 Provincia

243 1814 372 1884 nostra,
382 1814 452 1873 tum
466 1807 569 1873 etiam
584 1806 707 1872 Romae
723 1808 890 1890 quaesisse
910 1827 963 1871 me
988 1813 1060 1872 tute
1082 1807 1157 1890 ipse
1171 1807 1269 1871 tastis
1283 1827 1345 1888 esp

243 1919 283 1974 nt
293 1929 359 1974 nou
368 1908 476 1974 minus
490 1909 587 1974 vohis
601 1907 750 1972 amicitia
763 1928 838 1973 mea
853 1908 1063 1994 capessenda
1079 1911 1133 1987 sit,
1148 1929 1247 1992 quarn
1263 1909 1345 1974 mihi

242 2015 356 2076 vestm
366 2009 660 2093 concupiscenda!
704 2009 894 2078 lollianam
909 2012 1048 2090 avitum,
1062 2008 1189 2078 Airicae
1204 2011 1345 2076 Procas.

242 2117 422 2196 patronum
445 2112 495 2176 illi
508 2120 543 2177 et
564 2113 708 2178 amicum
724 2113 875 2194 legimns,
888 2114 1029 2198 ejusque
1044 2113 1265 2196 epistolarum
1276 2119 1345 2176 tes-

243 2213 382 2278 timonio
391 2213 566 2298 injudicio
581 2214 704 2280 nititur·
733 2213 950 2282 Severianum
959 2214 1050 2288 hcm,
1064 2212 1192 2278 Africae
1203 2212 1345 2278 Procos.
1421 2194 1425 2210 ⁸

240 2321 275 2380 et
290 2314 502 2380 Honorinum
526 2314 603 2396 ejus
632 2315 750 2392 tilium,
772 2315 931 2396 legatum.
972 2313 1147 2378 Strabonis
1171 2313 1345 2378 AEmiliani

242 2416 490 2481 necessitudine
505 2418 596 2481 miris
608 2417 719 2482 modis
734 2416 904 2498 gloriatur,
923 2435 1026 2499 quam
1047 2415 1237 2480 inchoatam
1252 2433 1344 2478 com-

240 2516 363 2582 militio
379 2518 632 2583 studiorumait.
675 2518 790 2582 Testis
804 2518 856 2582 illi
870 2518 974 2582 initia
990 2516 1344 2608 curiaCarthagiuien·

240 2619 326 2684 sium
340 2619 384 2683 de
398 2625 512 2686 statua
519 2619 672 2696 locanda,
682 2619 771 2702 apud
783 2638 882 2702 quem
897 2618 1014 2682 libello
1028 2620 1132 2682 misso
1143 2619 1343 2696 intercessit,

240 2728 276 2784 nt
297 2721 437 2785 celebris
451 2721 548 2786 locus
564 2720 820 2786 concederetur:
844 2719 935 2784 nude
959 2721 1068 2802 ipsius
1090 2720 1207 2784 honori
1220 2721 1342 2784 librum

238 2822 451 2902 conscripsit.
496 2821 622 2886 Praeter
647 2820 710 2884 hos
734 2822 861 2886 amicos
882 2820 998 2885 laudat
1018 2820 1224 2885 Clementem
1252 2820 1342 2885 Poa-

240 2931 321 2998 tam,
350 2919 448 3003 cujus
487 2920 627 2984 extabat
655 2920 877 2986 Alexandreis
905 2923 1161 3005 pulcherrimum
1185 2941 1340 3002 carmen3

239 3021 415 3088 Savidium
431 3021 593 3086 Severum
608 3020 782 3110 etJulinm
798 3021 952 3086 Persium
966 3043 975 3102 ;
998 3018 1231 3101 Quintianum,
1240 3025 1341 3106 cujas

239 3123 458 3188 eruditionem
490 3129 525 3188 et
551 3122 776 3205 eloquentiam
814 3123 916 3189 valde
941 3124 1172 3202 commendat;
1204 3123 1340 3208 Appios

239 3224 329 3306 apud
342 3242 428 3305 quos
440 3223 519 3288 OEae
532 3222 721 3299 diverterat,
733 3234 766 3288 et
782 3223 1045 3289 Faustiunmcui
1060 3205 1164 3290 libres
1180 3227 1221 3290 de
1237 3226 1339 3290 blun-

238 3322 282 3387 do
312 3330 345 3393 et
377 3323 602 3406 Philosophia
625 3324 749 3388 Morali
775 3324 967 3409 inscripsit3
998 3346 1098 3409 quem
1127 3334 1338 3392 tamencum

237 3424 346 3488 filium
374 3433 487 3499 vocat,
517 3424 659 3490 affectus
689 3427 806 3509 potius
838 3447 937 3511 quam
966 3428 1136 3512 maguiuis
1157 3447 1340 3510 cognomen

238 3525 468 3590 existimarim.
514 3523 593 3589 Fuit
617 3532 725 3590 autem
742 3529 775 3591 in
790 3527 935 3611 Apuleio
960 3529 1095 3610 elegans
1112 3531 1287 3611 ingenium,
1304 3538 1339 3594 et

236 3624 359 3689 indolis
374 3627 522 3707 gratiosa
536 3625 693 3709 qnaedan
717 3627 894 3706 festivitas,
917 3629 1079 3698 doctriuae
1095 3651 1174 3694 vero
1191 3632 1338 3696 varietas

197 3785 202 3792 .
237 3731 344 3802 tanta,
375 3731 413 3790 nt
450 3727 534 3791 inter
569 3727 742 3810 praecipua
768 3729 842 3812 ejus
865 3732 1023 3814 exempla
1047 3733 1169 3797 merito
1207 3733 1336 3797 censeri

235 3825 355 3910 po'ssit.
387 3826 547 3892 Plurimis
563 3829 690 3894 artibus
711 3831 887 3915 plerosque
903 3834 1020 3910 imbui,
1034 3853 1072 3898 se
1093 3853 1173 3899 vero
1188 3835 1335 3898 ominium

236 3930 392 4010 peritum,
407 3930 465 3996 ait.
509 3929 732 4010 ‘Universos’
767 3933 883 4016 inquit,
909 3934 1164 4019 ‘Philosophia
1190 3942 1336 4000 crateras

236 4029 321 4094 hibi.
344 4031 443 4099 Cauit
459 4031 680 4116 Empedocles
693 4032 859 4110 Carmina,
876 4034 975 4100 Plato
991 4035 1165 4119 Dialogos,
1177 4039 1336 4114 Socrates

238 4132 405 4216 Hymnus,
423 4135 644 4220 Epicharmus
668 4135 805 4212 Modus,
826 4136 1024 4219 Xenophon
1048 4137 1232 4217 Historias,
1257 4137 1334 4202 Xe-
