2914 4770
509 389 665 438 srucnrr
692 389 792 438 vrrs.
1152 376 1196 440 15

97 534 267 618 rephunes
281 531 439 614 Satyros:
463 529 631 614 Apuleius
648 531 720 596 haec
740 531 853 596 omnia
875 551 1058 616 novemque
1075 532 1196 598 Musas

96 637 166 718 puri
181 633 296 700 studio
311 632 415 698 colit!
443 631 546 698 Hanc
562 641 672 698 tamen
696 639 825 700 tantam
848 643 981 716 tamque
1003 635 1130 700 variam
1146 635 1196 702 ine

97 737 180 818 genii
202 740 238 800 et
272 735 449 800 industria
478 736 600 802 laruam
628 736 702 818 pari
739 753 902 800 consensu
924 746 1100 802 asseomus
1132 743 1195 802 est.

99 835 233 916 Quanta
262 838 351 900 euim
380 837 483 901 animi
506 837 732 913 contentione,
763 855 865 920 quarn
890 835 1060 902 indefesse
1082 839 1196 904 studio

98 940 242 1020 optimas
271 942 359 1000 artes
388 943 542 1004 sectatus
570 937 625 1014 sit,
646 938 720 1019 ipse
743 937 786 1002 de
807 956 844 1001 se
867 943 1024 1002 testatum
1054 939 1195 1021 reliquit.

97 1035 220 1104 Scribit
235 1038 327 1102 eninr
342 1039 376 1100 in
391 1036 575 1120 Apologia,
605 1037 911 1102 ‘continuationem
924 1038 1049 1104 literati
1070 1041 1197 1106 laboris

98 1159 226 1204 omnem
250 1140 392 1220 gratiam
418 1158 557 1222 corpore
582 1139 770 1216 detersisse,
784 1139 1013 1208 habitudinem
1027 1147 1197 1219 tenuasse,

98 1241 242 1304 colorem
251 1241 467 1318 obliterasse,
478 1243 624 1324 vigorem
639 1241 851 1318 debilitasse,
867 1260 905 1306 se
921 1243 965 1306 ab
979 1242 1111 1307 ineunte
1122 1263 1197 1310 sero
1324 1289 1329 1301 .
1383 1213 1389 1226 ²

98 1343 171 1406 unis
184 1342 310 1406 studiis
327 1342 497 1406 literarum
511 1361 556 1407 ex
570 1344 711 1408 sommis
727 1343 852 1408 viribus
867 1342 1027 1422 deditum,
1042 1345 1196 1412 omnibus

98 1443 170 1506 aliis
196 1441 321 1526 spretis
343 1443 585 1525 voluptatibus,
607 1463 711 1525 super
732 1462 856 1510 omnes,
869 1445 1024 1512 hominos
1044 1447 1197 1530 impenso

97 1544 225 1620 labore,
250 1543 310 1608 diu
329 1549 512 1627 noctuque,
539 1563 616 1608 cum
639 1545 805 1628 despectu
833 1552 869 1610 et
897 1546 1073 1629 dispendio
1097 1549 1196 1614 bonae

98 1643 301 1712 valetudinis
333 1645 562 1728 eloquentiam
591 1645 811 1730 quaesivisse!
854 1643 995 1731 Absque
1023 1667 1065 1712 eu
1093 1653 1196 1726 esset,
1319 1653 1322 1664 '

99 1764 212 1810 omnes
232 1744 301 1808 sere
320 1744 516 1828 disciplinas
538 1765 605 1811 nou
620 1748 788 1825 excolere,
802 1749 863 1814 sed
883 1767 925 1814 ue
939 1749 1108 1833 percipere
1123 1751 1198 1832 qui·

98 1847 171 1910 dem
186 1845 369 1928 potuisset.
394 1845 492 1910 Nihil
511 1865 592 1912 vero
618 1849 819 1932 optimorum
833 1850 1018 1915 studiorum
1033 1851 1197 1916 intactum

98 1947 242 2030 reliquit.
257 1945 444 2010 ‘Poimata
454 1967 551 2012 omne
561 1967 664 2030 genus
678 1969 715 2014 se
725 1949 919 2014 coniecisse'
929 1951 1100 2034 gloriatur,
1117 1955 1197 2034 ‘ap2

99 2051 131 2112 te
158 2048 255 2131 lyrae,
283 2049 398 2124 soccb,
424 2048 597 2125 cothurno,
626 2049 763 2133 Satyrus
785 2056 819 2116 et
841 2049 1000 2133 Griphus,
1027 2051 1198 2118 Historias
1303 2073 1308 2084 ·

99 2149 266 2214 variarum
302 2167 426 2224 rerum,
462 2146 651 2225 Orationes,
681 2149 860 2232 Dialogus,
884 2157 917 2216 et
940 2151 1009 2216 alia
1030 2149 1198 2234 ejusmodi

100 2255 164 2314 tarn
179 2249 303 2316 Graece
316 2268 417 2332 quam
432 2247 574 2318 Latine?
612 2249 666 2314 Ex
681 2250 734 2314 his
749 2257 859 2316 tamen
874 2255 940 2314 tam
957 2250 1071 2316 multis
1090 2251 1198 2332 operi-

100 2349 160 2414 bns
183 2369 300 2433 panea
326 2348 505 2434 admodum
527 2349 696 2414 laudanda
721 2350 885 2433 majorum
908 2351 1085 2416 curiositas
1103 2351 1198 2416 velut

14 2487 15 2514 ι
97 2450 241 2532 jacturae
265 2451 441 2532 naufragio
457 2449 629 2514 subduxit.
675 2449 862 2516 Maximam
878 2468 958 2515 vero
972 2451 1106 2516 illorum
1121 2471 1198 2535 par-

102 2561 174 2630 tern,
195 2555 272 2618 sire
299 2552 394 2616 fatali
416 2558 547 2634 patrum
571 2551 764 2628 oscitantia,
786 2554 858 2616 sive
880 2551 1044 2618 insidiosa
1067 2553 1198 2636 magnis

101 2655 239 2736 ingeniis
250 2654 342 2734 longi
350 2652 510 2734 temporis
526 2653 625 2729 serie,
642 2653 779 2734 periisse
793 2654 971 2718 verisimile
987 2660 1049 2718 est.
1095 2654 1198 2730 Num,
1231 2689 1242 2714 0

102 2774 173 2837 quta
200 2755 243 2818 de
266 2772 376 2817 rerum
404 2753 602 2816 naturalium
626 2754 814 2834 cognitione
836 2754 1124 2835 reliquerat‚·tota
1147 2754 1198 2816 in·

101 2857 318 2922 terciderunt:
342 2873 429 2928 ,oum
453 2859 566 2918 tamen
588 2853 676 2918 hanc
703 2853 935 2936 Philosophiae
965 2860 1092 2937 partem
1113 2873 1199 2937 prte-

103 2957 196 3040 cipue
226 2952 446 3020 excolendam
471 2954 691 3036 suscepisset.
736 2951 865 3019 Abdita
894 2957 983 3019 euim
1015 2962 1142 3021 naturas
1166 2962 1200 3020 et

102 3077 204 3122 rerum
235 3075 372 3132 causas,
408 3055 604 3120 animalium
637 3057 862 3138 proprietates
900 3058 987 3120 iuter
1015 3057 1112 3121 varia
1139 3077 1198 3120 ex·

103 3160 286 3239 perimente
314 3175 352 3220 se
387 3156 610 3237 investigasse
651 3161 783 3232 narrat;
819 3174 895 3237 quae
925 3157 969 3218 ab
1011 3153 1200 3232 Aristotele,

104 3259 345 3343 Theophrasto,
375 3257 519 3339 aliisque
545 3267 673 3320 naturae
699 3256 850 3337 patronis
874 3256 1097 3341 incomposite
1120 3275 1199 3323 corr-.

105 3369 209 3442 gesta,
240 3378 280 3423 se
306 3357 420 3422 ordine
446 3357 636 3433 tradidisse,
665 3365 700 3422 et
730 3356 799 3422 illis
829 3358 956 3423 omissa
985 3359 1199 3441 supplevisse

104 3463 212 3528 reteri.
235 3460 291 3524 Ex
304 3459 357 3522 his
372 3458 527 3522 omuibus
543 3459 678 3539 collegit
693 3478 779 3542 opus
795 3457 1009 3524 Naturalium
1026 3459 1200 3537 Quaestiu·

104 3581 176 3628 num
200 3560 294 3626 haud
312 3557 412 3624 dubie
430 3577 607 3639 magnum;
630 3578 709 3622 uam
732 3566 765 3624 et
791 3560 942 3642 quintum
967 3559 1041 3643 eJus
1060 3560 1199 3631 Librum

104 3662 231 3728 laudari
254 3659 367 3736 rideo,
391 3665 426 3722 et
447 3659 604 3741 quamvis
619 3658 740 3724 Graece
759 3659 823 3724 hoc
843 3679 929 3743 opus
943 3661 1200 3744 conscripserat,

105 3764 261 3846 pleraque
284 3768 395 3826 tamen
417 3767 451 3824 et
466 3759 585 3825 Latine
601 3760 794 3842 invulgavit,
809 3779 850 3824 ac
866 3763 1051 3844 proesertim
1066 3781 1143 3844 quse
1158 3761 1200 3824 de

106 3866 257 3946 piscibus
273 3862 305 3925 iu
319 3881 359 3926 eo
373 3860 544 3926 docuerat.
590 3860 689 3938 Quod
706 3867 819 3925 autem
836 3862 1044 3944 praecipuum
1061 3863 1200 3926 istorum

107 3965 261 4034 librorum
277 3967 506 4044 argumentum
527 3962 635 4039 luerit,
651 3961 725 4043 ipse
741 3961 774 4024 in
789 3959 959 4044 Apologia
972 3959 1082 4024 docet.
1126 3959 1202 4024 Ser-

108 4067 191 4146 vius,
202 4064 337 4146 Virgilii
351 4064 523 4146 interpres,
537 4061 676 4145 Apuleii
690 4061 733 4126 de
747 4059 935 4128 Arboribus
946 4059 1143 4128 mentionem
1153 4061 1202 4124 sa·

14 4233 17 4290 b
109 4169 169 4249 cit3
192 4168 385 4239 Priscianus
404 4164 655 4230 Mediciualium
669 4164 869 4233 auctoritate
884 4180 975 4226 usus.
1020 4159 1201 4234 Medicinae
