2914 4770
578 721 953 812 APULEII

222 946 524 1052 ··VITA
597 949 713 1053 ET
787 948 1255 1072 SCRIPTA,

534 1221 620 1298 EX
662 1223 1003 1300 WOWERIO·

224 1661 459 1762 Munium,
475 1680 745 1757 civitasnfrtcae,
760 1681 794 1744 n
820 1680 991 1748 Numidiae
1013 1690 1048 1747 et
1062 1683 1223 1749 oaeertae
1238 1703 1321 1748 con-

222 1787 304 1852 finio
320 1786 397 1865 site,
419 1785 582 1869 oppidum
604 1782 782 1866 Syphacis,
799 1801 906 1864 eoque
928 1785 1023 1848 victo
1040 1783 1237 1850 Masinissae
1251 1784 1321 1849 Ra-

222 1889 288 1971 gis,
303 1909 437 1953 munere
450 1908 532 1971 pop.
548 1886 593 1950 R.
607 1893 643 1949 et
659 1882 899 1948 Veteranorum
914 1885 1054 1949 militum
1074 1889 1165 1950 novo
1181 1884 1320 1950 conditu

223 1987 650 2072 splendidissimemlonia.
674 1983 762 2050 Haeo
773 1985 812 2049 L.
821 1985 1005 2068 Apuleium
1016 1987 1109 2051 claro
1117 1987 1195 2052 loco
1211 1991 1318 2051 ortum

223 2091 334 2173 patria
361 2091 506 2173 excepit.
550 2088 653 2152 Patre
687 2089 818 2170 genitus
855 2094 908 2153 est
937 2089 1070 2154 Theseo
1095 2088 1319 2163 Duumvirali,

223 2191 367 2274 aliisque
397 2191 577 2256 bonoribus
609 2188 806 2272 perfuncto:
839 2195 946 2254 mater
974 2190 1025 2252 illi
1049 2189 1188 2268 Solvia;
1220 2188 1321 2272 qu'us

223 2293 318 2375 origo
334 2313 356 2357 a
370 2291 551 2356 Plutarcho
565 2297 600 2354 ot
613 2290 720 2354 Sexto
733 2289 958 2372 Pbilosopbo,
970 2291 1045 2374 ejus
1059 2297 1193 2373 nepote,
1208 2308 1321 2354 manu·

222 2395 282 2458 vit.
299 2393 438 2459 Natalis
453 2412 532 2457 vero
549 2392 730 2457 Hadriano
746 2393 929 2475 imperanto
944 2391 1102 2456 incidisse
1117 2391 1263 2469 videtur3
1287 2397 1323 2454 et

222 2495 359 2577 quidem
372 2502 543 2578 postremo
558 2493 647 2558 illius
662 2493 793 2576 imperii
804 2503 964 2577 tempore,
980 2495 1009 2558 si
1024 2500 1116 2558 recte
1131 2493 1321 2574 colligimus

223 2599 347 2660 aetates
367 2595 628 2670 clarissimorum
654 2591 813 2657 Virorum
842 2613 983 2678 quorum
1013 2593 1173 2658 meminit.
1218 2593 1321 2656 Lollii

223 2696 354 2774 Urbici,
376 2696 418 2760 el.
435 2695 521 2773 Viri,
543 2694 699 2758 Praefecti
716 2693 829 2771 Urbis,
843 2696 1034 2760 testimonio
1057 2697 1091 2760 in
1112 2693 1245 2779 judicio
1260 2694 1322 2758 niti

223 2803 382 2860 conatur:
419 2815 490 2876 qno
511 2797 622 2875 legato
643 2792 853 2858 Antoninum
876 2794 976 2860 Pium
999 2797 1182 2862 Britannos
1210 2795 1322 2861 debal-

222 2897 312 2962 lasse
326 2894 537 2977 Capitolinus
552 2893 664 2958 tradit·
708 2894 895 2958 lollianum
911 2914 1047 2978 quoque
1058 2895 1198 2963 Avitum
1220 2897 1262 2959 cl.
1275 2894 1321 2961 V.

221 2999 258 3062 in
284 2997 456 3081 Apologia
475 2995 518 3060 ad
541 2997 765 3060 testimonium
792 3005 906 3074 vocat,
933 3016 1031 3080 quem
1054 2998 1118 3061 sub
1147 2996 1321 3061 Antonino

223 3099 445 3183 Philosopbo,
458 3105 492 3164 et
511 3098 550 3162 [a
566 3098 705 3163 Aurelio
720 3097 811 3163 Vero
833 3099 1003 3184 Bithyniae
1019 3099 1199 3181 praefuisse
1215 3117 1323 3181 appa-

222 3207 272 3264 ret
285 3220 330 3264 ex
346 3201 555 3283 Ulpian.l.1.
570 3198 613 3264 de
630 3201 752 3265 Decor.
785 3201 980 3285 Scipionem
996 3196 1323 3283 Orpbitum,Africm

224 3301 480 3379 Proconsulem,
496 3302 703 3365 memoratio
714 3301 872 3379 Floridis,
888 3321 986 3384 quem
1001 3301 1089 3364 idem
1104 3299 1323 3385 Capitolinus

224 3400 429 3468 Praefectum
445 3402 549 3466 Urbis
575 3401 620 3464 D.
637 3402 703 3465 Pio
715 3402 911 3486 imperanto,
927 3409 960 3466 et
972 3421 1053 3466 mox
1067 3403 1131 3470 sub
1149 3402 1323 3466 Antonino

225 3503 436 3586 Philosopbo
452 3505 528 3567 aliis
549 3503 733 3568 honoribus
756 3509 887 3569 auctum
903 3510 1024 3568 narrat.
1068 3503 1123 3566 Ex
1135 3503 1269 3588 quibus,
1284 3511 1325 3566 ut

224 3609 259 3673 in
280 3626 316 3670 re
332 3607 440 3684 ¹clara,
463 3625 611 3670 asserere
634 3607 716 3671 licet
733 3604 916 3689 Apuleium
939 3606 1148 3689 temporibus
1164 3601 1324 3668 Antonini

226 3708 282 3774 Pii
292 3709 517 3790 Divommque
533 3707 684 3772 Fratrum
699 3707 839 3772 vixisse.
857 3708 989 3772 Decoro
998 3707 1045 3771 illi
1058 3713 1093 3770 et
1101 3707 1237 3789 elegans
1249 3721 1323 3768 cor·

225 3812 318 3895 poris
330 3810 471 3893 species,
484 3815 520 3874 ut
532 3809 633 3873 etiam
646 3810 764 3873 sineri
781 3809 961 3873 carminum
977 3825 1045 3872 non
1059 3807 1170 3872 solum
1186 3805 1324 3872 Puden·

227 3913 331 3977 tillam
345 3931 451 3996 prope
460 3911 533 3996 jam
547 3910 639 3976 floris
653 3911 803 3987 exuncti,
816 3909 876 3974 sed
894 3909 949 3974 vel
965 3908 1160 3991 Penelopen
1171 3908 1216 3973 ad
1231 3925 1323 3971 amo-

226 4033 293 4079 rem
306 4015 358 4078 aui
370 4015 531 4080 inducere
545 4013 726 4097 potuisset,
738 4010 766 4075 si
784 4017 972 4094 quatumen
987 4011 1169 4075 auctoritas
1184 4009 1324 4084 tabulis,

227 4113 348 4196 quibus
362 4115 522 4197 imagines
532 4115 689 4180 Virorum
698 4113 883 4178 Illustrium
894 4130 936 4176 ex
949 4110 1095 4193 antiquis
1105 4110 1324 4175 monumentis
