2914 4770
569 325 775 374 runrlrro.
1199 313 1222 376 9

120 468 201 532 mini
228 471 368 532 mortem
386 467 421 532 in
445 468 693 535 Bibliothecem
709 468 1024 551 Oudendorpianam
1047 471 1219 553 pervenit3

120 568 196 632 iude
217 568 414 652 aliquando,
436 569 574 636 sibene
596 571 677 635 novi
698 569 934 636 liberalitatem
950 571 1219 655 prestantissimi

120 669 193 747 lilii,
206 689 307 753 quem
322 689 429 753 supra
442 669 591 748 laudavi,
605 691 683 735 cum
706 670 782 734 aliis
798 669 883 734 Mss.
901 673 1061 753 paternis,
1077 692 1219 755 quorum

119 769 287 836 luculente
302 771 403 855 copia
416 778 576 856 superest,
596 773 630 836 in
652 772 822 856 publicam
842 772 1040 838 Leidensem
1061 775 1221 855 migratu·

119 889 185 935 rus.
229 872 298 936 Sed
311 872 448 956 quibus,
462 893 561 956 quum
577 873 707 940 idoneis
719 874 885 939 Codicum
897 873 1069 958 praesidiis
1081 874 1222 939 Ouden-

120 971 256 1055 dorpius
275 972 459 1038 instructus
480 975 591 1052 suerit,
614 975 737 1040 rectius
759 995 802 1040 ex
818 975 894 1059 ejus
909 973 1221 1042 Animadversioni-

119 1075 195 1152 bus,
216 1094 319 1158 quam
348 1093 395 1138 ex
413 1077 614 1140 narrationis
634 1083 758 1142 nusum
776 1077 967 1161 jejunitate,
990 1083 1220 1160 cognoscetur.

118 1173 247 1240 Eadem
262 1195 369 1241 cauea
381 1184 444 1251 est,
460 1195 521 1241 cur
534 1177 644 1242 dicere
659 1177 896 1260 supersedeam
915 1178 957 1242 de
972 1178 1221 1244 Emendationi-

120 1278 182 1342 bue
196 1277 344 1342 virorum
359 1277 532 1342 doctorum
547 1277 692 1353 ineditis,
704 1297 764 1361 per
775 1283 880 1344 totum
890 1297 978 1361 opus
991 1279 1133 1364 sparsis,
1144 1300 1177 1345 v.
1186 1299 1219 1346 c.

121 1377 254 1444 Claudii
269 1378 438 1456 salmasii,
455 1399 532 1462 quae
555 1397 615 1461 per
629 1378 808 1445 Ernestunr
822 1399 867 1444 ex
882 1379 1098 1445 Bibliotheca
1110 1379 1216 1447 Guel-

120 1481 345 1564 phcrhytana;
369 1481 547 1546 chefridi
559 1481 725 1563 Sopingii,
736 1479 783 1548 N.
796 1480 1004 1559 Heiusii,ls.
1015 1481 1146 1562 vossii,
1157 1486 1219 1548 dm.

121 1601 195 1663 qum
211 1601 257 1646 ex
271 1581 485 1648 Bibliotheca
506 1583 663 1648 Ireideusi
678 1587 713 1648 et
735 1583 872 1648 aliunde
896 1584 940 1648 ad
962 1602 1039 1648 eum
1059 1602 1220 1668 pervene-

120 1691 203 1748 runt.

161 1783 348 1867 Reliquum
362 1791 425 1863 est,
438 1791 476 1850 ut
494 1786 537 1851 de
550 1785 746 1852 recensione
760 1792 941 1852 ceterorum
958 1785 1100 1871 Apuleii
1115 1787 1218 1852 libro·

121 1905 201 1963 rum,
212 1905 299 1970 quos
307 1897 395 1952 nunc
406 1886 677 1970 Metamorphosi
686 1888 810 1954 addere
817 1907 885 1953 uon
892 1887 999 1966 licuit,
1011 1888 1115 1953 verbo
1123 1887 1218 1954 dica-

25 2020 29 2036 ·
120 2006 201 2052 mus.
225 1988 279 2052 Hi
294 2008 429 2072 quoque
440 1989 562 2055 iisdem
573 1995 722 2054 veterum
730 1988 889 2054 librorum
898 1987 1075 2068 subsidiis,
1084 1988 1219 2054 eadem-

121 2107 183 2172 que
195 2090 392 2157 subtilitate
402 2092 518 2156 critica
531 2093 687 2174 castigati
701 2098 801 2158 sunt:
824 2091 884 2156 sed
899 2090 1004 2156 Notae
1018 2097 1097 2156 suut
1107 2090 1218 2156 miuus

120 2191 233 2256 uberes
247 2211 291 2256 ec
302 2193 465 2276 copiosae,
482 2193 553 2258 sive
568 2192 658 2276 quod
672 2193 781 2258 minor
795 2191 977 2258 difficultas
989 2192 1105 2256 inillis
1118 2193 1219 2258 inter·

120 2293 292 2374 protendis
300 2293 526 2373 exoriebatur,
542 2294 614 2358 sivo
623 2292 715 2378 quod
726 2293 847 2359 Editor
855 2295 958 2375 longo
966 2313 1069 2377 opere
1082 2292 1219 2376 defungi

17 2405 18 2408 ’
121 2393 310 2459 lestinahat.
354 2393 509 2462 Ceterum
526 2397 715 2480 speramus,
728 2397 813 2462 hanc
835 2393 1121 2478 Metamorphosis
1137 2394 1219 2470 Edi-

17 2481 18 2494 *
120 2494 248 2572 tiorum,
262 2495 452 2578 qualitatis
467 2496 612 2573 LatInis,
635 2495 783 2578 vindici
806 2500 933 2580 potest,
954 2500 1113 2579 quantum
1127 2494 1217 2560 lucie

120 2596 255 2662 allatum
270 2598 327 2674 sit,
341 2616 364 2662 a
377 2599 541 2662 bonerum
555 2598 675 2663 artium
689 2597 851 2662 studiosis
871 2603 941 2662 tam
957 2595 1078 2678 cupide
1093 2613 1218 2677 excep-

120 2701 184 2762 tum
198 2697 252 2776 iri,
267 2703 316 2775 ut,
332 2698 391 2782 qui
406 2698 442 2762 in
460 2717 535 2764 cam
554 2699 724 2781 impensas
741 2697 836 2774 lecit,
855 2716 892 2760 re
913 2697 993 2778 ipsa
1014 2687 1218 2777 experiatur,

119 2817 218 2879 posse
233 2800 361 2864 sosine
379 2799 525 2883 jecturae
537 2799 689 2883 periculo
705 2800 844 2867 alterum
857 2797 1013 2862 volumen
1029 2795 1219 2879 adJungere·

121 2899 218 2977 Quod
232 2906 269 2965 nt
283 2900 615 2985 prius'megnitudine
630 2908 755 2984 coquet,
770 2905 891 2985 praeter
912 2898 1118 2984 superiorum
1134 2895 1215 2962 Edi-

121 3007 226 3068 tornm
248 3001 486 3080 Praesatioues,
510 3008 546 3066 et
569 3001 701 3068 Indices
722 3001 943 3079 necessarios,
964 2997 1219 3082 comprehendet

120 3101 273 3187 Philippi
287 3103 443 3168 Beroaldi
456 3101 584 3180 Notas,
600 3121 676 3185 quae
691 3103 791 3166 sinte
808 3103 926 3166 critico
940 3116 1070 3182 genere,
1086 3105 1119 3162 et
1133 3098 1217 3162 iute-

121 3223 192 3285 gras
206 3204 355 3270 Jcannis
371 3205 505 3282 Pricoei,
519 3223 604 3287 quas
619 3201 898 3286 Oudendorpius‚
916 3219 958 3264 nc
973 3203 1102 3264 textum
1116 3197 1218 3282 copia

121 3325 181 3372 sua
193 3310 388 3390 mergerent,
398 3304 462 3370 hoc
477 3305 646 3370 volumine
658 3304 812 3370 exclusit.
842 3300 933 3367 Illud
944 3299 1098 3384 denique,
1111 3319 1217 3382 quan·

120 3406 335 3484 tumuisleve,
343 3425 477 3473 munere
486 3425 555 3471 uon
568 3405 714 3470 alienum
727 3403 840 3481 suerit,
849 3403 1037 3470 Pricaeanee
1048 3399 1215 3466 Editionis

121 3509 259 3591 paginas
272 3526 371 3574 novae
384 3508 485 3592 hujus
499 3507 641 3590 margini
657 3507 822 3590 ascriptae
835 3523 924 3583 esse,
933 3509 1114 3594 propterca
1124 3498 1215 3582 quod

120 3609 166 3673 vir
193 3609 408 3674 doctissimus
434 3627 503 3674 non
520 3609 588 3674 uisi
617 3626 662 3672 ex
682 3626 736 3684 ¹eu
765 3602 1050 3688 Metamorphosis
1074 3600 1152 3664 loca
1178 3599 1214 3663 in

121 3709 219 3775 Notis
245 3710 318 3774 suis
346 3711 475 3778 citavit.
518 3709 617 3778 Vale.
647 3701 755 3776 Sc'rib.
786 3707 912 3784 leidae,
943 3706 975 3771 d.
1013 3701 1065 3768 18.
1104 3698 1214 3782 April.

124 3827 404 3878 unccnxxxvr..
516 3804 519 3810 '
