2914 4770
523 337 681 386 urunurr
708 337 808 386 vrrs.
1168 327 1212 392 25

112 495 180 540 rum
211 482 248 540 ut
268 476 404 562 parites
432 477 627 544 emendatus
654 483 690 544 et
714 477 927 563 incorruptus
950 482 1004 547 sit.
1054 481 1212 549 Ceterum

111 597 175 642 nou
189 599 243 643 me
258 579 343 662 sugit
356 579 546 644 damnatum
562 580 741 665 Apuleium
764 587 798 646 et
815 582 914 664 vulgo
937 583 1089 648 invisum.
1112 585 1213 650 Certe

110 682 170 744 soh
195 683 398 762 gravissimo
422 683 533 764 elogio
559 683 832 766 proscripserunt
854 685 970 748 nescio
994 687 1052 769 qui
1070 686 1211 751 ludima-

110 782 215 862 gistri,
242 783 401 866 cymhala
432 782 592 848 fanaticae
621 788 655 847 et
681 783 825 847 ebriosae
854 782 1056 866 juventutis,
1087 786 1212 868 quibus

108 884 191 947 nihil
206 883 381 967 pulchrum
406 889 466 948 aut
488 884 639 968 probum,
657 884 721 950 nisi
736 883 825 966 quod
841 884 931 948 humi
946 893 1104 969 serperet,
1121 888 1211 970 quod

108 987 228 1067 paucis
244 985 466 1067 scriptoribus
489 993 708 1068 usurpatum:
731 1003 776 1048 ex
799 985 921 1068 quihus
937 987 1096 1054 mendosa
1117 1008 1211 1072 quae-

109 1106 172 1168 que
187 1095 222 1150 et
243 1087 396 1184 vulgaria
410 1086 453 1149 ad
467 1085 666 1152 imitandum
680 1087 836 1170 seligunt.
882 1087 978 1166 lude,
991 1110 1066 1154 curn
1077 1091 1213 1156 illorum

110 1189 235 1271 scripta
258 1187 418 1270 attigeris,
439 1187 538 1252 simul
561 1189 808 1253 commiseratio
824 1198 885 1254 aut
911 1211 1048 1256 somnus
1064 1192 1211 1275 obrepit,

109 1309 167 1354 nec
180 1309 263 1354 sane
284 1290 405 1353 mirum
421 1289 623 1354 fastidientis
638 1291 803 1355 stomachi
826 1291 904 1358 illos
927 1312 1011 1370 esse,
1038 1313 1126 1377 quos
1149 1313 1211 1376 pe·

108 1393 238 1463 ritiorcs
267 1412 407 1458 censeas
438 1393 692 1471 comissatores,
722 1412 825 1475 quam
855 1399 1023 1459 oratorum
1050 1393 1209 1479 judicos:

108 1494 251 1577 ideoque
273 1513 388 1558 eorum
403 1494 589 1558 sententias
612 1493 637 1556 ii
664 1493 731 1556 soli
744 1489 954 1577 receperunt,
969 1513 1055 1578 quos
1077 1513 1122 1558 ex
1136 1511 1210 1559 cra-

109 1595 187 1678 pula
200 1595 323 1660 heluco
338 1601 518 1660 attentates
533 1601 567 1659 et
581 1595 799 1679 semisopitos
808 1589 1042 1679 deprehendas
1052 1615 1062 1676 ;
1072 1621 1077 1630 ·
1086 1595 1210 1660 sobriis

109 1716 186 1762 vero
201 1718 270 1764 non
285 1698 392 1782 magis
407 1697 629 1776 obhaeseruot,
655 1717 759 1782 quam
773 1698 961 1764 helluonum
978 1704 1103 1764 ructus.
1148 1696 1210 1762 Di·

108 1805 181 1863 cant
200 1819 293 1864 nunc
317 1800 352 1862 in
374 1799 503 1883 primis,
519 1800 549 1864 si
575 1808 732 1884 possunt,
747 1799 883 1877 diserte,
898 1819 939 1864 au
964 1801 1140 1882 quisquam
1165 1801 1210 1866 ab

109 1898 351 1968 Antoninorum
367 1921 443 1967 aevo
458 1903 582 1980 extitit,
598 1904 656 1986 qui
669 1901 817 1986 Apuleio
830 1902 1019 1984 comparari
1034 1900 1211 1967 sustineat.

20 1999 22 2014 '
109 1999 202 2068 Certe
218 2004 360 2088 reliquis
374 2003 529 2068 omuibus
541 2005 824 2083 abstulitnomen,
839 2011 874 2069 et
885 2023 957 2070 suta
968 2003 1131 2070 claritatis
1145 2003 1209 2068 sul·

109 2123 183 2185 gore
192 2107 350 2170 tenebras
367 2103 526 2169 obduxit.
548 2104 659 2182 Quam
676 2107 853 2188 eleganter,
869 2125 970 2190 quam
980 2106 1084 2188 perite
1094 2103 1207 2168 Philo-

108 2207 258 2288 sophiam
273 2207 398 2272 tradit‘!
419 2213 575 2290 quantum
592 2224 732 2272 acumen
750 2205 1004 2272 sententiarum!
1025 2223 1103 2288 quae
1115 2205 1209 2270 t'esti-

108 2309 192 2374 vitas
203 2309 495 2391 argumentorum!
515 2315 554 2371 ut
568 2315 702 2374 taceam
714 2327 876 2390 nugarum
890 2307 974 2372 hanc
988 2307 1118 2370 lancem
1129 2325 1209 2371 con-

107 2413 207 2476 ditam
224 2410 375 2493 antiquae
398 2413 434 2472 et
450 2428 516 2474 non
530 2409 680 2493 protritae
694 2409 853 2476 doctrinae
869 2428 974 2474 succo
990 2428 1000 2488 3
1023 2407 1101 2492 quis
1115 2406 1208 2474 deni-

21 2531 22 2580 l
108 2533 168 2596 que
176 2512 212 2576 in
222 2510 486 2592 dictionelcpos,
496 2511 668 2594 perpetuis
677 2511 881 2593 imaginihus
893 2509 1058 2593 aspersis,
1075 2529 1209 2575 arnoeua

106 2621 135 2680 et
144 2612 285 2678 florida!
309 2611 375 2676 Sed
388 2610 555 2676 redundat
564 2616 665 2695 atque
681 2610 860 2676 offunditur
872 2612 977 2675 libero
986 2611 1087 2674 nimis
1101 2610 1209 2675 fluxu.

22 2759 23 2764 κ
106 2715 225 2782 Habes
240 2713 333 2798 quod
348 2711 589 2795 reprehendas3
605 2718 640 2776 at
654 2712 764 2795 copiae
774 2712 895 2776 vitium
911 2713 995 2775 crit:
1012 2709 1208 2776 admiranda

106 2818 252 2882 enimin
279 2813 484 2898 explicando
506 2812 668 2880 facondia
687 2819 723 2878 et
750 2812 905 2896 perennis
932 2810 1008 2876 lons
1032 2813 1207 2877 ubertatis.

106 2918 149 2983 At
178 2917 294 2984 uerbis
323 2914 439 2980 audax
461 2921 495 2978 et
521 2916 702 2980 obsoletus.
748 2914 939 2998 Utrobique
966 2918 1075 2978 tamen
1100 2914 1205 2980 felix:

105 3039 191 3098 nam,
207 3037 285 3102 quae
299 3037 343 3082 ex
358 3036 446 3101 penu
460 3016 534 3101 ojus
555 3018 662 3100 petita
675 3015 836 3095 ridentur,
852 3021 995 3080 excusat
1007 3013 1207 3096 significati·

106 3123 176 3186 onis
191 3119 395 3204 proprietas.
439 3117 522 3182 Sola
537 3118 706 3202 asperitas
722 3123 755 3182 et
770 3115 938 3180 affectatae
955 3116 1208 3199 compositionis

105 3223 216 3287 horror
230 3239 332 3287 aures
347 3219 467 3285 leodem
481 3225 632 3304 poterat:
655 3220 689 3283 in
704 3238 772 3302 quo
786 3217 942 3283 idoneum
958 3217 1079 3300 patriae
1093 3225 1207 3300 patro·

105 3325 254 3388 mnium:
276 3321 468 3404 peregrinus
497 3321 604 3386 literis
632 3319 800 3385 Romanis
840 3316 1020 3401 Apuleius,
1042 3325 1076 3384 et
1104 3317 1204 3400 Aler3

106 3425 226 3507 quihus
239 3422 408 3505 peculiare
432 3422 496 3486 suit
510 3422 643 3486 vincere
668 3421 819 3486 acumine
844 3427 879 3485 et
906 3421 1091 3485 sententiis.
1137 3419 1206 3485 Oh-

107 3524 305 3590 servaudum
322 3531 436 3586 autem
451 3524 613 3588 incultam
626 3521 712 3588 hanc
730 3528 765 3586 et
790 3522 906 3586 duram
921 3521 1070 3605 phrasim
1084 3524 1205 3608 praeci·

105 3645 167 3708 pue
189 3625 325 3689 obviarn
347 3624 383 3686 in
404 3623 500 3687 libris
515 3623 847 3707 Metamorphoseon.
892 3623 1085 3689 Excosahit
1105 3627 1206 3709 igitur

106 3735 135 3796 et
162 3731 402 3810 argumentum,
430 3723 535 3808 quod,
561 3726 689 3792 vanum
710 3733 747 3789 et
767 3725 940 3809 jocosum,
969 3725 1203 3791 involvendum

105 3828 163 3894 luit
183 3827 304 3912 pingui
323 3827 389 3890 hac
408 3831 441 3890 et
454 3826 633 3910 squalenti,
659 3832 696 3890 ut
709 3827 759 3892 ita
776 3825 900 3905 dicatu,
914 3827 1065 3892 lacerna:
1088 3833 1204 3910 quaet

107 3927 267 3996 Varronis
296 3927 513 4011 Menippeas,
543 3934 577 3994 et
600 3927 762 3994 Martiani
787 3925 944 4012 'Capellae
974 3925 1090 4003 Artes,
1117 3947 1203 4012 quas

108 4029 214 4096 Satira
227 4028 380 4094 dictante
394 4035 605 4112 conceperat,
631 4029 797 4094 incinctus
819 4027 949 4092 videas.
993 4025 1112 4091 Satius
1126 4048 1204 4114 ergo

108 4131 212 4200 luerat
247 4131 329 4198 vitia
363 4131 439 4196 haec
467 4128 603 4214 Apuleii
637 4131 767 4197 erudita
788 4127 1060 4211 interpretatione
1082 4130 1203 4210 levare,
