2914 4770
238 363 283 427 20
651 373 809 423 Avulsit
838 371 936 420 vroh.

239 522 353 597 docet,
373 520 433 584 ubi
448 519 511 584 ait:
533 519 592 582 ‘se
607 515 787 581 cohibilius
803 521 839 580 et
855 513 1040 580 ordinatius
1057 513 1264 579 conscribere
1280 513 1350 580 na-

154 617 156 620 ’
238 623 320 700 tine,
343 627 377 685 et
397 622 431 684 in
453 622 611 684 omnibus
634 624 692 683 aut
706 619 836 684 omissa
850 617 1030 701 inquirere,
1047 621 1106 681 ent
1120 615 1249 682 delecte
1264 637 1349 700 sup-

238 725 343 807 plere,
357 741 410 787 res
424 721 642 806 paucissimis
658 721 813 800 cognitas
828 717 952 784 Graece
965 725 1000 784 et
1020 719 1136 783 Latine
1151 719 1300 802 propriis
1312 724 1349 785 et

238 824 445 907 elegantibus
455 822 643 903 ,vocabulis
659 819 892 897 conscribere,’
915 826 949 886 et
964 839 1040 903 qnae
1063 821 1186 884 deinde
1202 839 1349 904 sequnn-

238 932 302 990 tur.
347 925 427 991 Hoc
442 925 630 989 institutum
645 943 721 987 cum
736 930 894 988 accuratu
909 923 1087 1005 diligentia
1102 931 1269 987 executus
1288 924 1347 1004 sit,

237 1046 304 1090 non
319 1031 386 1092 tam
403 1046 425 1091 o
436 1026 570 1091 Graecis
585 1024 760 1101 translata,
774 1025 1031 1108 quamproprie
1047 1029 1080 1088 et
1095 1025 1278 1090 vernacula
1292 1027 1347 1108 ip·

238 1129 309 1192 sius
330 1129 485 1193 videntur
505 1146 583 1210 qum
599 1125 699 1209 hujus
721 1127 903 1208 argumenti
922 1126 1070 1209 reliquit.
1115 1126 1172 1191 Ita
1186 1126 1347 1192 Platonis

238 1227 375 1294 decreta
388 1230 423 1293 in
438 1227 671 1310 compendium
687 1226 810 1308 coegit,
825 1217 932 1309 caque
951 1226 1071 1293 induta
1085 1228 1346 1311 elegantissimae

238 1330 399 1395 orationis
410 1329 523 1413 specie
539 1328 670 1394 Latinis
683 1327 839 1411 prodidit,
859 1328 919 1392 illo
934 1347 1036 1412 opere
1050 1329 1144 1412 quod
1159 1333 1176 1400 .‘
1192 1328 1234 1393 de
1251 1330 1346 1413 Dog-

236 1441 325 1496 mate
351 1430 523 1497 Platonis’
551 1431 735 1514 inscripsit.
780 1427 862 1494 Non
884 1430 1037 1513 intelligo
1067 1436 1180 1496 autern
1207 1431 1346 1498 unicum

237 1533 397 1612 libellum,
414 1553 514 1617 quem
528 1533 691 1598 hactenus
714 1533 815 1597 titulo
836 1534 903 1596 isto
918 1533 1107 1615 vulgarunt,
1125 1532 1187 1598 sed
1202 1533 1347 1617 adjunc-

236 1638 306 1698 tum
328 1633 476 1717 oportuit
498 1635 619 1697 librum
636 1633 679 1696 do
699 1632 926 1715 Philosophia
941 1640 977 1698 ot
991 1631 1243 1722 πεςὶἙςμηνειάς.
1287 1635 1348 1700 lta

237 1731 371 1797 demum
385 1734 577 1798 Platonicae
594 1733 826 1817 Philosophiae
838 1752 963 1818 corpus
975 1736 1140 1818 integrum
1150 1738 1221 1801 erit.
1254 1736 1346 1814 Quae

236 1837 322 1900 ratio
337 1835 499 1920 estquod
515 1836 550 1898 in
568 1834 664 1898 libris
682 1835 835 1917 antiquis
855 1835 923 1899 duo
942 1837 1000 1902 isti
1021 1837 1149 1920 priores
1164 1837 1259 1901 nulla
1272 1837 1347 1902 dis·

236 1941 399 2003 tinctione
426 1944 633 2020 separantur.
675 1936 859 2020 Inscripsit
881 1944 992 2002 autem
1016 1944 1122 2004 totum
1152 1940 1345 2022 hocopus,

236 2059 304 2122 quo
326 2040 478 2104 Platonis
501 2038 640 2104 decreta
660 2039 821 2117 narravit,
848 2040 909 2104 ‘de
928 2041 1096 2124 Dogmata
1115 2040 1289 2119 Plutonis,'
1304 2049 1346 2107 ut

235 2138 411 2218 Alcinous
427 2140 516 2225 apud
531 2140 675 2205 Graecos
687 2140 809 2204 similis
825 2143 1010 2223 argumenti
1022 2143 1155 2219 librum,
1165 2145 1345 2228 Εἰσαγωγῇ

236 2248 291 2304 τῶν
316 2240 476 2327 Δογμᾶτων
495 2240 660 2316 Πλάτωνος.
706 2242 784 2320 Quo
800 2261 879 2306 voro
894 2243 1010 2308 ordino
1023 2244 1098 2308 haeo
1114 2244 1268 2308 Platonis
1284 2246 1343 2310 tle·

236 2348 328 2408 creta
340 2345 536 2422 traditurus,
551 2347 626 2427 ipsc
637 2344 738 2408 docet
748 2343 791 2407 de
804 2345 971 2427 Dogmata
982 2344 1149 2422 Platonis,
1158 2345 1229 2423 ubi,
1244 2354 1344 2430 post-

235 2465 333 2526 quam
356 2447 526 2529 paneade
548 2449 626 2529 ipso
650 2445 791 2510 Platone
812 2445 988 2528 praelatos,
1009 2448 1207 2530 subjunxit:
1230 2446 1343 2527 ‘Quae

236 2553 348 2612 autem
365 2549 531 2624 consulta,
546 2567 625 2629 quae
639 2547 797 2628 dogmata
809 2547 935 2611 Graece
949 2548 1033 2612 licet
1046 2547 1128 2625 dici,
1140 2548 1183 2612 ad
1198 2549 1343 2616 ultilito·

234 2657 302 2713 tem
315 2648 498 2727 hominum,
512 2649 722 2733 vivendique,
732 2655 765 2712 et
780 2649 995 2730 intelligendi,
1010 2654 1043 2714 et
1057 2650 1217 2733 loquendi
1232 2652 1340 2716 ratio-

234 2769 311 2813 nem
333 2749 500 2827 extulerit,
524 2752 599 2814 hinc
622 2749 807 2814 ordiemur.
850 2750 951 2828 Nam,
967 2752 1127 2834 quoniam
1143 2760 1212 2816 tres
1226 2759 1341 2836 partes

235 2848 461 2932 Philosophiae
478 2870 661 2932 congruere
670 2851 756 2914 inter
768 2871 805 2914 se
820 2853 948 2934 primus
960 2855 1118 2930 obtinuit,
1128 2873 1190 2918 nos
1201 2873 1338 2938 qunque

233 2953 414 3032 separatim
435 2951 585 3015 dicemus
610 2952 651 3014 de
675 2952 827 3034 siugulis,
851 2957 1034 3019 anaturali
1050 2954 1274 3039 Philosophia
1289 2958 1340 3022 la·

233 3053 357 3117 cientes
371 3053 565 3118 exordium!
610 3053 852 3135 vulgatissima
879 3055 1110 3139 Philosophiae
1140 3057 1267 3122 divisio
1290 3077 1339 3122 ex

232 3157 397 3218 sententia
412 3155 579 3234 Platonis,
594 3160 631 3228 εἰς
645 3161 752 3240 γνῶσιν
765 3163 820 3219 τῶν
836 3155 928 3234 ὄντων,
945 3179 1023 3241 quae
1039 3165 1089 3225 est
1105 3161 1221 3238 φυσικὴ,
1236 3161 1340 3246 πρᾶξιν

232 3258 286 3314 τῶν
317 3260 424 3329 καλῶν,
454 3277 530 3338 quoe
548 3258 637 3335 ἠθικὴ,
661 3257 711 3322 καὶ·
731 3264 780 3320 τοῦ
803 3257 892 3343 λόγου
915 3259 1037 3345 θεωρίαν,
1061 3281 1139 3344 quae
1161 3262 1337 3340 διαλεκτικῆ.

233 3352 349 3418 Primo
364 3357 464 3436 igitur
479 3359 566 3433 loco,
580 3361 652 3423 sive
666 3361 751 3424 libro
763 3363 830 3425 isto
847 3363 905 3444 qui
915 3363 1076 3428 hactenus
1091 3364 1153 3430 ‘de
1165 3365 1339 3447 Dogmate

234 3453 403 3520 Platonis’
425 3459 622 3541 inscriptae,
645 3460 688 3523 dc
713 3461 936 3545 Philosophia
960 3463 1115 3529 Naturali
1131 3466 1218 3547 agit3
1240 3467 1339 3542 libro,

232 3555 291 3636 qui
316 3555 380 3621 ‘de
411 3559 656 3644 Philosophia,’
677 3565 726 3639 τὴν
754 3564 845 3640 ἠθικὴν
874 3567 994 3629 docet:
1018 3567 1068 3632 ita
1096 3569 1183 3630 enim
1210 3567 1339 3634 orditur

231 3655 397 3720 ‘Moralis
421 3659 649 3745 Philosophiae
678 3673 782 3748 caput
796 3665 815 3729 τ’
838 3669 899 3730 &o
922 3667 1008 3732 libro
1029 3668 1090 3753 περὶ
1105 3670 1272 3754 Ἐρμηνειάς
1286 3675 1337 3748 τὴν

231 3760 351 3841 λογικὴν
366 3762 576 3843 complexus.
601 3763 702 3829 Initio
715 3765 788 3848 ejus
800 3766 905 3832 libelli
920 3789 927 3832 :
949 3768 1339 3855 ‘Studiumsapientiae,’

230 3861 351 3942 inquit,
374 3862 564 3945 ‘plerisque
585 3868 718 3931 videtur
741 3875 807 3931 tros
830 3870 963 3950 species
987 3891 1048 3937 sen
1072 3879 1184 3956 portes
1198 3875 1334 3953 habere,

231 3959 442 4040 Naturalem,
460 3963 637 4042 Moralem,
652 3976 696 4044 ct,
714 3968 833 4051 dequo
847 3989 937 4035 nrrnc
949 3973 1060 4038 dicere
1072 3977 1249 4059 proposui,
1261 3976 1336 4041 Ra·

229 4062 409 4127 tionalem!
455 4066 533 4130 Nou
556 4069 703 4150 intelligo
727 4077 837 4134 autem
859 4091 926 4154 quo
950 4077 1077 4140 ratione
1099 4078 1194 4141 solus
1220 4077 1279 4142 ille
1293 4079 1333 4142 li-

230 4163 336 4226 bellus
360 4167 423 4229 ‘de
448 4169 614 4250 Dogmata
640 4170 811 4234 Plutonis'
833 4174 972 4237 inscribi
987 4175 1115 4255 debeat,
1130 4197 1199 4260 quo
1217 4179 1333 4250 Philo·
