2914 4770
562 325 769 376 enectum.
1190 319 1213 380 7

120 465 195 532 Hac
216 465 408 532 conditione
427 466 636 550 imprimendi
656 469 782 536 iactum
797 476 848 535 est
861 471 1002 538 initium.
1046 473 1211 558 Equidem

117 575 184 640 lum
205 569 383 650 pntdbam,
405 569 516 634 nullus
537 591 630 636 meas
648 577 773 655 portes,
787 573 851 636 uisi
869 575 1086 656 speciminum
1113 584 1212 661 typo·

116 669 343 752 graphicomm
358 670 619 752 relegendorum,
633 674 773 738 futuras.
805 674 872 738 Sed
887 693 970 739 mcx
985 678 1212 756 animadverti,

118 767 407 854 Oudendorpium,
422 771 500 836 dum
518 783 646 838 textum
661 775 704 839 ad
720 780 849 840 veteres
869 775 974 840 libros
996 775 1211 857 conformare,

116 877 151 936 nl
174 871 224 950 iit,
248 891 294 938 ex
318 872 372 937 die
393 874 426 938 in
448 873 536 938 diem
557 874 740 953 distulerat,
762 877 868 941 morte
891 883 1109 960 occupatum,
1123 881 1213 956 aliis,

116 973 203 1056 quod
217 983 364 1056 agerent,
385 975 570 1059 reliquisse.
622 976 703 1056 Qua
715 997 821 1043 eausa
834 979 1012 1062 impulsus,
1027 980 1115 1044 huuc
1130 981 1214 1046 milri

115 1075 264 1140 laborem
275 1077 393 1154 sumsi,
404 1083 440 1142 ut
452 1085 654 1156 contextum,
667 1080 724 1161 qni
739 1080 775 1142 in
790 1079 969 1146 Pricaeaue
978 1080 1134 1147 Editione
1148 1088 1212 1160 eet,

116 1195 190 1240 cum
214 1196 296 1242 cura
317 1179 494 1262 perpensis
515 1185 662 1244 vetemm
684 1180 843 1244 librorum
860 1180 1071 1258 lectionibus,
1090 1184 1213 1265 partim

117 1277 157 1342 de
172 1277 417 1364 Oudendorpii,
436 1283 557 1365 partim
572 1283 615 1346 de
631 1301 708 1347 meo
725 1281 861 1365 judicic
881 1280 1084 1365 refingerem,
1099 1284 1133 1348 in
1147 1284 1211 1350 hac

117 1397 216 1462 opera
230 1381 362 1446 vicarie
377 1388 527 1448 versatus
549 1383 720 1467 aliquanto
741 1384 944 1466 religiosius,
959 1403 1060 1467 quam
1074 1403 1212 1468 magnus

115 1478 290 1562 Scaliger:
313 1485 382 1566 qni,
396 1501 474 1548 enm
489 1485 682 1567 posterioris
698 1483 865 1549 Editionis
879 1482 1102 1550 Vulcanianae
1122 1485 1213 1568 apud

118 1577 324 1665 Rapheleug.
353 1602 386 1648 a.
417 1584 514 1649 1600.
545 1602 661 1650 euram
683 1585 905 1668 suscepisset,
930 1587 967 1651 in
983 1587 1094 1652 alieno
1109 1586 1211 1670 opere

116 1682 193 1766 plus
217 1683 285 1748 sibi
314 1685 446 1764 sumsit,
471 1703 573 1769 quam
597 1686 737 1752 Critices
766 1687 854 1753 ratio
879 1694 914 1753 et
935 1688 1102 1754 modestia
1130 1689 1212 1754 sere-

115 1785 206 1848 bant.

156 1887 329 1970 Sequitur,
345 1896 384 1953 ut
397 1888 559 1966 dicemus,
582 1890 706 1974 quibus
731 1889 931 1974 adjumentis
955 1891 1081 1956 criticis
1106 1891 1213 1956 fretus

117 1987 377 2074 Oudendorpins
399 1991 443 2058 ud
462 1992 644 2077 Apuleium
668 1992 903 2075 castigandum
931 1991 1125 2057 accesserit.
1170 1991 1212 2056 Iu

115 2109 177 2172 quo
191 2091 330 2174 quidem
346 2111 465 2174 genere
479 2095 559 2159 milri
576 2113 693 2178 parum
707 2095 787 2160 lieet
800 2096 964 2161 lectorum
976 2093 1212 2176 expectationi

115 2195 322 2272 satisfecere,
337 2195 474 2277 quinon
493 2195 570 2279 plus
584 2197 627 2261 de
641 2196 715 2279 ejus
730 2195 891 2261 subsidiis
905 2196 1087 2277 cognorim,
1108 2213 1211 2278 quam

116 2301 272 2376 quantum
298 2315 343 2361 ex
367 2294 723 2363 Animadversionibus
752 2300 787 2362 in
810 2296 1004 2382 Apuleium,
1027 2303 1063 2362 et
1088 2297 1212 2379 paucis

17 2423 18 2438 ¹
115 2397 247 2472 notulis,
261 2397 296 2460 in
311 2396 418 2462 fronte
433 2398 593 2464 librorum
608 2399 754 2482 scriptis,
769 2399 900 2464 discere
914 2398 1022 2483 potui.
1059 2397 1114 2462 Ex
1130 2397 1212 2462 Edi-

18 2553 19 2562 ,
115 2499 263 2562 tionibus
291 2499 421 2581 primis,
447 2519 524 2581 qun
554 2499 719 2564 Codicum
748 2501 949 2583 scriptorum
979 2499 1211 2564 auctoritatem

18 2579 19 2626 ³
115 2601 273 2675 obtinent,
297 2619 386 2677 enm,
408 2600 521 2680 video,
543 2619 642 2665 usum
663 2620 738 2665 esse
759 2601 917 2667 Romane
939 2619 969 2664 a.
992 2601 1090 2666 1469.
1109 2619 1211 2682 quem

115 2700 301 2766 Bendiniun
325 2701 436 2766 Cetei.
463 2702 572 2768 Codd.
595 2703 670 2767 Lat
696 2702 880 2768 Mediceor.
895 2701 938 2767 Τ.
955 2717 997 2764 ιι.
1013 2719 1047 2784 p.
1062 2701 1139 2768 655.
1154 2700 1212 2764 de-

116 2804 247 2882 scribit3
271 2802 402 2868 Veneta
431 2823 462 2868 a.
491 2805 593 2870 1488.
638 2803 818 2868 vicentina
845 2823 877 2868 a.
902 2801 999 2866 1488.
1043 2801 1119 2866 Nec
1141 2801 1211 2874 ullu

116 2924 236 2982 earnm,
251 2925 328 2989 quec
341 2906 404 2970 has
419 2907 587 2990 principes
601 2908 755 2989 sequenti
768 2911 867 2971 aetate
881 2911 1073 2970 consecutae
1082 2909 1170 2980 sunt,
1179 2905 1212 2968 ei

117 3006 245 3072 ridetur
259 3005 422 3070 defuisse.
466 3005 533 3070 Sed
549 3007 702 3070 omnibus
716 3006 816 3089 longe
832 3005 1041 3087 multumque
1057 3002 1211 3087 pressere·

116 3109 168 3172 bat
179 3107 204 3173 J
208 3107 356 3172 untinam
366 3107 578 3190 posteriorem
588 3127 618 3170 a.
629 3107 723 3171 1522.
736 3105 768 3170 8.
784 3105 882 3188 eujus
891 3111 1034 3182 textum,
1045 3103 1211 3188 acrijudi·

116 3209 166 3274 cio
181 3218 220 3274 et
233 3210 335 3274 bonis
351 3209 446 3274 libris
463 3229 556 3286 usus,
570 3209 731 3293 praeclare
743 3207 920 3273 constitnit
929 3205 1117 3272 Bemardns
1129 3205 1210 3270 Phi·

116 3311 282 3376 lomnthos
297 3310 453 3376 Pisanus.
479 3311 530 3377 Ea
544 3319 705 3394 quantum
719 3310 866 3395 Apuleio
882 3308 1210 3393 profuerit,'singulae

116 3432 220 3496 prope
240 3411 376 3495 paginae
399 3412 593 3478 ostendunt.
634 3410 691 3477 Ad
700 3414 844 3495 scriptos
855 3409 958 3476 libros
972 3408 1065 3494 qnod
1077 3409 1211 3488 attinet,

119 3529 171 3578 rx.
187 3512 355 3580 Codicum
370 3513 538 3597 Exempla
554 3534 591 3578 se
613 3513 657 3578 ud
679 3531 813 3578 manum
834 3508 1211 3588 16641316,οιιάωάοι-

117 3615 189 3695 pius
214 3621 361 3680 testetur
379 3617 422 3680 ad
448 3616 590 3682 Metam.
608 3631 664 3681 rx.
679 3636 712 3700 p.
731 3615 807 3680 656.
846 3611 1016 3676 Omnibus
1038 3611 1211 3694 hucusque

117 3717 272 3799 cognitis,
292 3717 323 3782 si
346 3717 454 3781 minus
474 3719 684 3800 antiquitate,
700 3715 743 3781 de
764 3735 832 3800 qne
846 3715 933 3780 elius
949 3713 1049 3778 aliter
1064 3711 1210 3794 judicet,

117 3827 204 3884 certe
230 3817 382 3884 bonitate
405 3818 506 3884 facilc
527 3825 693 3902 prestant
713 3817 781 3882 duo
804 3816 999 3894 Florentini,
1018 3811 1169 3880 recensiti
1189 3830 1212 3878 a

118 3920 286 3985 Bnndinio
300 3921 324 3985 l.
340 3937 374 3986 c.
387 3943 421 4006 p.
434 3923 467 3985 4.
482 3927 515 3986 et
528 3922 606 3986 654.
623 3940 764 4007 quorum
778 3919 957 3985 varietates
970 3937 992 3982 e
1006 3935 1043 3980 ee
1056 3918 1211 3980 enotatas
1319 3953 1323 3962 ·

119 4021 240 4086 Frider.
270 4023 536 4106 lindenbrogius
566 4043 643 4088 cum
672 4022 913 4091 Elmenlrorstio
942 4016 1211 4084 communicarat.

118 4123 193 4205 Sed,
208 4144 276 4209 quo
288 4124 401 4191 notior
414 4131 467 4192 est
482 4125 718 4192 Elmenlrorstii
733 4125 767 4190 in
781 4124 846 4190 hoc
862 4139 979 4205 genere
995 4117 1210 4201 negligentia,
