2914 4770
504 381 660 432 seusun
688 383 790 432 vrrs.
1156 371 1200 436 13

97 523 234 609 quentia
242 529 274 588 et
283 521 428 606 Magicis
436 525 562 590 artibus
573 545 615 589 ne
631 525 674 588 ad
685 525 833 608 aliquam
842 525 976 608 quidem
982 527 1198 610 judiciarium

97 630 298 710 potestatem
310 625 480 708 pervenire
494 627 673 708 potuisset,
684 628 788 691 nolim
801 627 849 690 illi
864 627 947 691 vitio
962 628 1044 692 dari.
1088 629 1200 695 Multa

98 728 250 811 prolecto
274 728 475 792 intervenire
496 735 687 812 potuerunt,
707 749 784 813 quae
806 727 1011 812 impedirent,
1033 748 1075 794 ne
1097 732 1200 798 virtu·

98 830 187 893 tibus
211 830 434 894 tribuerentur
458 831 588 916 merito,
613 847 693 912 qute¹
708 829 785 914 jure
807 849 869 894 suo
884 837 995 913 petere
1009 829 1198 912 debebunt3

97 949 201 1012 preve
220 928 447 1013 judicantium
458 949 559 1007 error,
574 929 705 994 invidie
726 931 919 1013 aequalium,
941 935 977 994 et
996 929 1201 1013 singulorum

99 1029 258 1112 quaedam
271 1046 434 1112 perversa
455 1031 608 1107 caecitas,
632 1049 702 1113 qua
725 1031 872 1113 indignis
897 1029 1011 1096 fasces
1039 1031 1200 1098 defernnt.

100 1132 184 1196 Cum
200 1133 310 1214 gratia
324 1139 383 1196 ant
405 1131 521 1196 odium
544 1131 701 1215 imperet,
722 1131 810 1196 idem
825 1132 884 1196 illo
905 1134 999 1198 orbis
1013 1135 1088 1218 puri
1102 1135 1203 1198 verti·

99 1235 173 1316 pne
205 1251 336 1316 semper
365 1233 650 1312 circumvolvitur,
680 1234 715 1297 iu
752 1253 820 1317 quo
850 1242 998 1317 praeturo
1034 1235 1204 1302 Catonem

100 1335 248 1418 negligit.
294 1333 439 1417 Nempe,
458 1333 540 1417 quie
557 1351 626 1398 non
649 1343 830 1400 essecutus
844 1335 1024 1420 Apuleius,
1047 1357 1123 1423 quae
1137 1339 1202 1404 vir·

100 1441 183 1501 tutes
198 1440 235 1500 et
248 1437 373 1518 ingenii
394 1438 484 1500 bona
496 1436 719 1514 merebantur,
735 1435 815 1501 ideo
830 1437 971 1520 adipisci
985 1457 1050 1504 non
1062 1440 1201 1522 potuitl

101 1537 241 1602 Infirma
254 1538 342 1603 ratio
367 1543 402 1601 et
423 1536 689 1619 solisimperitis
705 1536 887 1603 conclusa:
910 1538 1095 1622 quinimmo
1119 1560 1204 1604 nun·

101 1659 202 1724 quam
218 1641 278 1704 illa
292 1639 453 1722 consequi
468 1638 654 1718 affectavit,
670 1640 843 1722 inquibus
857 1640 917 1705 alii
932 1641 1036 1704 anxie
1051 1646 1132 1705 vota
1142 1659 1205 1706 sna

101 1738 321 1824 suspendunt.
367 1738 459 1818 Quid
475 1741 561 1804 enim
578 1757 675 1804 saera
689 1738 765 1805 heco
780 1746 814 1806 et
827 1740 1006 1824 impollute
1020 1760 1061 1806 ac
1072 1761 1206 1826 semper

102 1844 216 1926 quieta
230 1849 265 1906 et
279 1860 397 1906 secura
411 1839 593 1922 professio,
608 1839 703 1924 qnid,
725 1841 875 1924 inquam,
889 1843 1080 1906 commercii
1102 1841 1207 1908 hebet

103 1963 176 2008 cum
191 1945 335 2026 strepitu
357 1942 629 2020 sorensi,frnude
653 1951 901 2021 accusatorum,
916 1943 1038 2026 gemitu
1061 1962 1206 2022 reorum,

103 2046 261 2126 sanguiue
276 2044 492 2110 innocentum
507 2046 522 2108 l
564 2043 652 2122 Quis
671 2063 752 2109 vcro
769 2046 911 2110 similior
934 2046 1021 2123 Deo,
1035 2047 1112 2131 quis
1128 2064 1206 2131 pro·

104 2145 176 2227 pior
192 2165 298 2228 quum
314 2145 557 2229 Philosophus,
573 2146 644 2228 qui,
665 2147 782 2210 relicto
799 2147 1014 2212 mortalitatis
1036 2149 1206 2231 conlegio,

103 2248 272 2332 mysteriis
285 2247 408 2312 divinis
422 2249 590 2326 conscius,
606 2247 721 2312 divina
733 2247 879 2313 consilia
899 2248 1049 2326 rimetur,
1070 2247 1115 2313 ed
1134 2264 1208 2314 coe·

104 2348 236 2414 lestinm
251 2347 456 2414 consortium
479 2369 587 2433 prope
610 2348 809 2414 admissus?
843 2348 943 2414 Unde
965 2349 1036 2432 ipsi
1057 2346 1207 2432 Apuleio

107 2449 336 2533 Philosophus
357 2450 505 2514 omnium
536 2451 684 2515 Deorum
715 2449 883 2515 Sacerdos
907 2450 1071 2516 delinitur.
1117 2449 1207 2528 Quae

104 2551 203 2635 igitur
225 2551 348 2616 decoro
369 2551 589 2635 Philosopho,
604 2571 681 2634 qum
705 2551 802 2617 salvo
825 2549 1055 2635 Philosophiae
1081 2553 1209 2616 honore

8 2657 9 2672 ¹
106 2654 228 2735 potuit,
250 2657 285 2716 et
306 2652 437 2729 ambiit,
456 2660 493 2715 et
515 2651 670 2716 obtinuit.
715 2651 830 2717 Sacris
850 2653 940 2716 onim
957 2652 1210 2735 quamplurimis

107 2754 279 2818 initiatnsr
302 2757 313 2788 ‘
324 2753 525 2832 Sucromm,'
547 2754 670 2837 inquit,
690 2755 870 2836 ‘pleraque
899 2753 1000 2817 initia
1019 2755 1053 2817 in
1075 2753 1212 2820 Groecie

109 2854 323 2937 participavi,
334 2852 510 2937 multijuga
526 2872 624 2918 suoru
639 2859 673 2918 et
687 2853 846 2937 plurimos
868 2854 965 2931 ritus,
979 2855 1094 2919 varies
1114 2856 1212 2920 oaeri-

109 2959 240 3022 monins
253 2957 368 3022 studio
381 2957 452 3020 veri
466 2961 501 3020 et
513 2956 626 3020 officio
640 2973 719 3037 erga
735 2954 827 3019 Deos
841 2955 966 3020 didioir’
997 2956 1212 3022 Sacerdotem

111 3056 300 3122 Provinciae
315 3055 439 3120 Airicae
454 3075 593 3120 munere
613 3056 775 3133 edidisse,
790 3062 827 3119 et
839 3062 1016 3120 venatores
1031 3057 1211 3122 vestivisse

112 3164 299 3224 auctorest
314 3156 360 3222 D.
374 3155 462 3236 Aug.
477 3158 602 3238 etipse
623 3157 657 3219 in
673 3155 822 3219 Floridis
836 3173 873 3218 se
888 3156 1081 3239 AEsculapii
1095 3153 1213 3222 Antis»
1337 3173 1340 3180 ·

113 3260 202 3324 litem
211 3258 397 3343 profitetur.
441 3255 520 3334 Quo
534 3256 678 3340 pertinet
686 3256 777 3338 quod
789 3255 882 3338 apud
904 3256 1051 3321 OEenses
1064 3257 1213 3322 deistius

113 3361 270 3426 Numinis
291 3361 467 3444 majestate
486 3358 623 3442 pubhce
647 3357 816 3435 disseruit,
839 3351 988 3422 oratione
1009 3358 1101 3422 edita
1121 3377 1215 3426 com-

113 3463 293 3539 mendavit,
311 3462 536 3545 hymnumque
550 3461 584 3524 ei
603 3459 785 3524 dedicavit.
830 3459 872 3522 In
896 3459 985 3527 libro
999 3459 1042 3524 de
1062 3460 1137 3524 Deo
1152 3459 1214 3525 So-

115 3565 230 3641 cratis,
241 3581 320 3627 cum
334 3561 501 3626 veriurum
514 3559 661 3642 gentium
671 3559 862 3643 peculiares
873 3560 969 3626 Deos
983 3563 1215 3639 recensuisset,

116 3665 352 3748 AEscnlapium
367 3663 490 3746 ubique
504 3663 572 3726 coli
587 3661 691 3740 addit,
703 3669 864 3744 tanquam
873 3661 972 3746 hujus
986 3675 1108 3728 numen
1128 3681 1215 3746 pree·

115 3767 237 3832 clarius
251 3767 400 3842 referret,
423 3765 480 3828 oni
504 3783 540 3828 se
554 3765 587 3829 iu
612 3765 729 3848 primis
754 3771 977 3830 consecrarat.
1020 3765 1112 3829 Nam
1135 3762 1217 3826 Gar·

117 3867 372 3949 theginiensinm
383 3866 481 3931 Deos
496 3865 685 3948 religiosius
696 3883 733 3930 se
747 3867 897 3930 venerari
911 3865 976 3946 ait;
992 3863 1216 3945 AEsculnpius

118 3987 194 4033 vero
205 3967 344 4033 Numen
351 3968 487 4033 illorum
498 3967 640 4032 tutelere
654 3972 688 4032 et
700 3968 886 4051 proprium,
900 3972 939 4031 ut
953 3986 997 4030 ex
1011 3963 1217 4029 Tertulliano

120 4073 151 4132 et
163 4069 241 4136 eliis
255 4074 360 4152 patet.
409 4067 513 4132 Isidis
532 4067 568 4130 in
582 4066 727 4144 Graecia,
752 4075 786 4134 et
806 4067 928 4133 Romee
949 4063 1096 4128 Osiridis
1111 4065 1218 4130 sacris

121 4172 273 4237 initiatus
288 4176 351 4248 est,
361 4171 420 4236 ubi
435 4176 469 4236 et
480 4175 673 4253 segregatus
689 4171 732 4235 ob
748 4170 835 4248 eliis,
851 4169 936 4235 etin
951 4165 1097 4252 collegii
1111 4167 1218 4232 Isiaci
