2914 4770
515 385 671 434 rancun
700 387 800 434 vrrs.
1168 377 1210 441 :21

109 531 262 613 sophiam
275 531 462 594 naturalem
478 531 592 608 tradit,
607 551 683 596 cum
695 549 760 596 non
771 531 882 594 minus
893 533 924 595 in
940 531 1077 615 reliquis
1092 533 1212 599 Plato·

107 633 158 695 nis
173 633 335 714 dogmata
348 639 510 696 executus
524 633 585 698 sit:
609 632 888 716 quemadmodum
907 651 968 696 nec
983 633 1040 696 ille
1055 635 1148 698 solus
1166 636 1213 701 sit
1294 657 1296 662 ’

107 733 147 796 de
168 732 395 815 Philosophia
417 751 484 816 qno
506 732 553 796 τὸν
575 731 762 809 lienteriae
777 734 985 817 complexus.
1029 735 1120 800 Vere
1136 738 1211 820 qni-

105 834 180 898 dam
195 833 430 917 Philosophia,
440 854 509 919 qua
523 837 629 901 nostri
641 838 795 902 meliores
811 835 983 913 efficimur,
998 836 1079 913 lenio
1093 841 1141 914 τῆς
1155 838 1212 912 ψυ-

101 941 160 1020 χῆς
173 935 408 1021 ἂρῥωστημᾶτων
421 935 470 998 nal
490 937 583 1001 παθῶν
598 935 760 1026 Φάρμακον.
806 938 880 1003 Nec
904 947 1013 1004 tamen
1032 947 1212 1023 propterea

105 1037 272 1102 obtinebit
295 1045 334 1102 ut
357 1038 433 1102 sola
451 1037 672 1122 Philosophia
694 1041 819 1105 audiat.
864 1039 981 1117 Quare
1002 1047 1107 1106 totum
1123 1059 1211 1124 opus

105 1140 308 1205 decretorum
333 1138 488 1204 Platonis
509 1140 571 1206 ‘de
587 1142 754 1224 Dogmata
767 1141 944 1208 Platonis’
965 1143 1149 1226 inscripsit,
1174 1151 1210 1207 et

106 1242 255 1324 singulas
278 1241 506 1326 Philosophiae
520 1249 633 1328 partes
650 1265 694 1309 ex
711 1251 850 1328 recepta
864 1243 1032 1309 divisione
1048 1245 1154 1310 tribus
1168 1245 1210 1309 li·

106 1343 412 1427 bellisseparatlm
435 1345 586 1424 tradidit,
609 1362 751 1430 quorum
781 1347 874 1430 priar
900 1347 1047 1411 continet
1063 1345 1209 1412 Natura-

104 1443 179 1523 lem,
202 1448 291 1510 alter
315 1446 492 1525 Moralem,
515 1448 630 1512 tertius
653 1447 875 1516 Rationalem.
918 1444 1088 1513 Absoluta
1109 1449 1210 1529 igitur

104 1547 231 1629 triplici
254 1545 485 1631 Philosophia,
500 1546 714 1612 commodum
730 1548 880 1612 succedit
893 1553 908 1623 ἡ
923 1547 1018 1635 πρώτη
1034 1547 1206 1631 φιλοσοφία,

104 1667 176 1731 quae
191 1649 305 1714 dedita
317 1651 418 1714 rebus
432 1669 575 1733 corpore
594 1655 627 1714 et
641 1651 782 1715 materia
796 1650 926 1728 solutis,
941 1658 980 1714 ut
995 1650 1082 1727 Deo,
1096 1649 1210 1734 Ange-
1263 1633 1275 1646 ⁶

103 1751 154 1826 lis,
169 1749 299 1828 Geniis,
316 1759 350 1815 et
361 1753 497 1817 illorum
510 1751 691 1835 adjunctis.
717 1752 819 1816 Hanc
831 1753 1030 1836 complexus
1044 1761 1098 1817 est
1111 1753 1207 1838 Apu-

104 1852 188 1916 leius
206 1851 267 1918 lib.
283 1853 325 1916 de
341 1853 416 1918 Deo
431 1853 595 1931 Socratis,
611 1854 709 1938 eujus
721 1855 942 1938 praeteralios
959 1875 1051 1937 saepe
1067 1857 1207 1920 mentio-

12 2023 13 2026 *
104 1973 173 2018 nem
197 1953 283 2019 facit
306 1955 350 2019 D.
374 1955 464 2039 Aug.
478 1957 537 2020 lib.
554 1973 622 2022 vn.
639 1965 675 2022 et
691 1973 730 2020 x.
747 1955 949 2022 decivitate
967 1956 1045 2033 Dei,
1059 1956 1207 2040 plurima

104 2075 143 2118 ex
158 2057 221 2121 illo
235 2057 315 2121 loca
330 2058 449 2122 erroris
462 2059 659 2123 convincere
675 2065 831 2127 conatus.
878 2059 965 2137 Quae
981 2077 1059 2122 vero
1071 2057 1114 2121 de
1130 2056 1206 2122 Ma-

103 2157 196 2222 nibus
212 2177 255 2222 ex
274 2157 425 2242 Apuleio
439 2160 565 2243 profert
574 2159 742 2240 Isidorus,
754 2162 826 2224 sine
839 2161 943 2225 dubio
959 2158 1082 2224 adhoc
1098 2160 1206 2241 scrip-

102 2265 165 2324 tum
173 2261 354 2342 pertinent,
365 2263 401 2325 in
411 2281 477 2344 qno
488 2270 601 2327 tamen
612 2262 729 2326 eadem
741 2281 806 2327 nou
822 2263 922 2328 facile
934 2261 1089 2344 reperies.
1114 2261 1206 2325 Pris-

101 2363 215 2427 cianus
231 2363 415 2446 Dialogum
432 2370 545 2430 vocat.
584 2363 664 2431 Non
677 2365 802 2428 invitus
813 2365 945 2428 illorum
957 2363 1133 2427 sententiae
1148 2381 1206 2427 ac·

101 2464 272 2542 cesserim,
283 2465 342 2547 qui
357 2465 467 2530 minus
482 2468 643 2548 integram
654 2466 741 2531 hanc
756 2464 1013 2550 disputationem
1029 2464 1204 2530 existima·

100 2573 181 2645 runt,
214 2586 294 2630 nam
321 2569 459 2651 etipsa
485 2569 551 2634 fine
580 2569 701 2632 mutila
727 2575 761 2634 et
785 2569 943 2633 deficiens
965 2567 1118 2631 videtur:
1141 2567 1204 2630 ini-

98 2670 178 2733 tinm
201 2687 295 2745 vero,
311 2668 411 2753 plane
432 2670 630 2752 irreptitium
652 2677 686 2735 et
707 2670 818 2734 alieno
840 2671 917 2733 loeo
940 2671 1101 2751 positum,
1120 2667 1203 2730 nibil

99 2778 277 2854 cognatum
292 2769 397 2834 habet
412 2789 489 2834 curn
510 2771 711 2852 gravissima
733 2770 963 2852 disputatione
982 2776 1015 2834 et
1029 2787 1138 2835 rerum
1152 2767 1203 2832 di-

98 2875 251 2938 rinarnm
261 2873 549 2956 contemplatione.
571 2870 642 2950 Qui
658 2869 1116 2948 antem,induotiiisverbis:
1144 2874 1204 2938 ‘ut

98 2987 210 3040 cetera
228 2975 359 3039 Latinae
373 2975 523 3038 materiae
538 2973 803 3058 persequamur,'
819 2973 1063 3047 existimarunt.
1079 2971 1203 3055 princi·

96 3079 186 3159 pium
203 3077 329 3141 Graeco
352 3095 503 3141 sermone
517 3083 715 3159 conceptum
730 3073 848 3150 fuisse,
870 3076 978 3137 minus
992 3082 1083 3137 recte
1098 3074 1201 3136 senti·

97 3199 128 3242 re
142 3180 308 3244 videntur.
347 3175 439 3256 Quid
454 3177 574 3241 attinet
587 3196 630 3242 ea
647 3175 769 3240 Graece
789 3191 949 3250 enarrare,
964 3193 1040 3255 quae
1057 3173 1202 3255 copiosa

97 3279 242 3364 quadam
257 3279 414 3344 facundia
429 3285 463 3344 et
483 3279 598 3344 divina
621 3278 766 3362 quadam
791 3275 968 3357 majestate
985 3275 1163 3340 verborum
1180 3297 1202 3342 a

97 3381 241 3446 Platone
257 3379 410 3445 tradita?
449 3379 483 3444 N
486 3399 529 3444 on
546 3379 694 3445 deflectit
708 3380 751 3442 ab
765 3377 927 3442 instituto.
972 3374 1203 3444 constituerat

97 3493 209 3548 autem
223 3487 379 3546 mutuata
401 3501 422 3546 a
446 3481 593 3546 Platone
617 3481 750 3546 Latinis
770 3480 880 3546 verbis
904 3479 1056 3562 prodere.
1101 3479 1202 3545 Libet

96 3585 213 3648 deinde
252 3583 457 3664 interrogare
489 3583 658 3666 quomodo
685 3582 789 3660 dicat,
827 3578 1072 3659 ‘Quaestionis
1101 3580 1201 3666 hujus

96 3685 206 3751 media
230 3683 407 3761 tenemus,’
428 3703 529 3767 quam
560 3690 681 3767 postea
711 3685 755 3747 ab
791 3683 870 3765 ipso
892 3683 1005 3765 capite
1033 3682 1200 3747 deducitl

97 3785 184 3863 Quae
200 3786 344 3870 denique
359 3790 428 3851 tam
444 3786 626 3850 desultoria
637 3784 811 3869 loquentis
826 3784 950 3861 oratio,
966 3789 1001 3847 nt
1017 3782 1089 3866 jam
1105 3784 1200 3848 velut

96 3885 125 3950 in
139 3887 313 3952 auditorio
322 3887 413 3971 apud
428 3887 541 3971 plures
558 3886 808 3963 sermocinetur,
823 3905 905 3950 mox
917 3885 960 3949 nd
976 3904 1077 3948 unum
1094 3886 1199 3950 orati·

98 4007 190 4054 ouem
203 3989 403 4054 convertatl
428 3989 554 4067 Quare,
566 4007 608 4052 ne
620 3989 782 4053 lectorem
792 3984 1025 4068 Philosophiae
1038 3985 1199 4052 intentum

98 4092 332 4176 intempestive
347 4110 368 4156 a
383 4092 479 4157 seriis
493 4091 536 4155 ad
548 4091 682 4156 ludicra
697 4097 865 4167 avocaret,
882 4087 997 4152 induci
1008 4107 1062 4152 me
1072 4108 1197 4173 passus

100 4211 168 4262 sum
184 4203 224 4258 ut
239 4191 387 4259 Floridis
402 4195 446 4257 ob
468 4193 720 4261 similitudinem
743 4193 969 4276 adjungerem.
1014 4189 1125 4258 Nemo
1141 4211 1194 4256 me
