2914 4770
559 375 769 426 censurio.
1193 369 1216 434 5

117 518 217 583 sendo
234 515 508 600 operaepretium
529 515 640 582 lacere
655 519 771 596 velint,
793 520 827 582 in
850 519 982 600 Plauto,
997 523 1166 601 Terentio,
1181 532 1215 591 et

116 618 338 701 antiquiorum
363 615 575 684 Comicornm
597 621 749 705 reliquiis
776 623 971 688 tractandis
986 625 1114 690 assidui
1135 628 1215 704 sint,

114 725 145 784 et
156 721 189 784 in
202 720 268 784 hac
284 720 545 804 comparatione,
555 719 659 786 Gellii
669 721 724 786 vel
738 723 945 807 explicandi,
959 725 1014 788 vel
1031 727 1215 809 corrigendi

115 827 218 903 caput
231 840 308 886 esse
323 821 533 886 arbitrentur.
569 822 637 886 Sed
653 822 789 888 Gellius
803 823 884 890 nihil
896 824 939 888 ad
955 843 1028 903 nos,
1043 834 1111 905 aut,
1126 829 1156 893 si
1170 828 1216 894 ad

114 945 185 1002 nos,
209 923 294 988 nibil
319 923 473 994 adhunc
497 924 621 990 locum.
678 925 732 991 De
753 924 902 1009 Apuleio
925 945 976 991 res
998 928 1147 1010 postulat
1176 937 1216 994 nt
1252 955 1256 966 ·

116 1026 276 1092 dicamus.
321 1021 360 1088 Is
373 1024 474 1106 igitur
487 1029 615 1088 tautum
626 1025 745 1102 abfuit,
759 1032 798 1091 ut
812 1026 878 1090 sibi
890 1028 926 1091 in
934 1026 998 1092 hoc
1007 1049 1124 1110 genere
1134 1035 1214 1096 tem·

115 1131 256 1212 peraret,
265 1132 305 1194 ut
314 1126 431 1220 potius
442 1145 462 1190 e
474 1132 750 1194 cascavctustate
764 1147 839 1192 eam
848 1130 1033 1196 orationem
1041 1131 1214 1211 conflaret,

116 1247 336 1315 quemnemo,
349 1228 417 1292 nisi
432 1229 489 1312 qui
505 1230 644 1294 multum
659 1231 825 1313 temporis
838 1231 873 1294 in
883 1251 924 1296 ea
937 1232 1119 1299 Latinitate
1137 1253 1214 1317 cog·

116 1332 288 1398 noscenda
300 1330 503 1410 contriverit,
518 1351 595 1398 rese
604 1339 718 1416 speret
730 1347 973 1402 assecuturum.
1017 1335 1109 1414 Scio,
1124 1337 1215 1404 uiros

116 1431 263 1498 eruditos
277 1449 366 1506 esse,
380 1435 437 1514 qui
451 1451 519 1498 non
535 1425 647 1498 omnia
661 1433 761 1516 hujus
776 1435 870 1499 modi
884 1437 988 1501 verba
1002 1438 1046 1502 ab
1062 1440 1210 1522 antiquis

117 1535 336 1619 scriptoribus
358 1539 481 1612 sumta,
503 1535 565 1599 sed
579 1541 704 1601 temere
720 1540 754 1600 ct
768 1555 830 1618 pro
844 1536 981 1602 libidine
995 1540 1138 1606 conlicta
1152 1561 1216 1624 pu·

10 1661 12 1670 ’
116 1643 203 1703 tent:
225 1637 261 1701 id
277 1639 367 1721 quod
381 1635 675 1702 Drakenborcbius
689 1637 733 1701 ad
748 1638 823 1702 Liv.
844 1653 936 1704 an.
960 1637 1014 1703 36.
1036 1639 1078 1704 do
1100 1637 1215 1706 Gellio

117 1737 276 1805 affirmare
287 1739 408 1818 audet3
430 1737 473 1803 de
487 1735 636 1820 Apuleio
652 1737 809 1804 Roaldus
824 1741 866 1806 ad
880 1741 955 1824 ejus
972 1740 1113 1810 Metam.
1130 1760 1215 1808 vrrr.

117 1859 150 1920 p.
166 1840 242 1904 550.
288 1837 356 1904 Sed
383 1859 445 1921 ego
466 1839 622 1904 libentius
643 1859 767 1922 sequar
782 1839 1059 1924 Oudendorpium
1079 1843 1123 1906 ad
1141 1843 1215 1908 Me-

10 1971 11 2010 ;
118 1953 195 2008 tam.
212 1960 263 2008 ιν.
277 1963 311 2026 p.
333 1943 410 2008 246.
423 1943 508 2006 bone
523 1940 746 2024 judicantem,
765 1941 851 2006 nihil
873 1940 1054 2025 Apuleium
1070 1945 1142 2008 sinc
1157 1963 1216 2008 ex·

118 2045 225 2129 emplo
240 2044 433 2129 scripsisse.
478 2043 609 2108 Etenim
624 2044 717 2109 bona
729 2063 808 2127 pars
824 2063 951 2122 eorum,
965 2065 1043 2128 quae
1061 2065 1082 2110 a
1097 2045 1213 2110 Gellio

119 2153 152 2209 et
169 2145 318 2229 Apuleio
337 2145 493 2211 licentius
516 2146 777 2229 insolentiusque
799 2145 879 2211 licta
900 2146 1007 2211 videri
1029 2148 1170 2230 possint,
1194 2165 1216 2210 a

10 2247 11 2258 ’
119 2246 359 2312 Grammaticis
372 2245 530 2329 antiquis,
545 2247 690 2314 maxime
700 2266 722 2311 a
731 2247 1008 2331 Glossograpbis,
1017 2253 1216 2314 conservata

118 2349 293 2442 reperitur.
339 2346 468 2425 Quidni
497 2349 599 2430 igitur
626 2349 769 2431 reliqua,
800 2369 940 2432 quorum
968 2350 1098 2414 nullum
1125 2343 1217 2432 apu'd

11 2521 12 2532 χ
119 2450 374 2528 Grammaticos,
389 2451 448 2535 qui
461 2469 551 2515 nunc
568 2459 759 2535 supersunt,
774 2452 955 2534 vestigium
969 2458 1033 2530 est,
1047 2451 1122 2534 pari
1136 2468 1217 2515 auc·

119 2553 256 2617 toritate
271 2552 334 2616 niti
348 2551 525 2618 dicamust
564 2549 644 2628 Qua
654 2548 696 2614 de
709 2571 745 2616 re
760 2550 924 2636 liquidius
932 2551 1080 2634 judicari
1091 2553 1217 2635 poterit

11 2639 12 2648 ¹
116 2660 198 2734 tum,
214 2653 386 2735 numquis
403 2651 572 2735 Juuiorum
593 2650 830 2730 Literatornm,
854 2652 914 2734 qui
936 2668 1021 2714 nunc
1045 2651 1217 2715 subitariis

117 2754 324 2839 Genjecturts
337 2754 475 2818 edendis
489 2753 614 2818 lamam
628 2760 799 2830 venantur,
822 2771 898 2816 sese
919 2750 963 2814 ad
984 2770 1060 2814 eam
1081 2752 1217 2827 laboris,

117 2857 182 2920 etsi
196 2875 265 2920 uon
278 2855 379 2920 nimis
394 2854 490 2936 grati,
506 2861 618 2918 tamen
633 2853 738 2917 literis
751 2857 785 2916 et
794 2851 885 2922 laudi
896 2871 969 2917 sum
984 2854 1090 2934 magis
1103 2851 1218 2936 prosu·

117 2959 192 3034 turi,
202 2955 249 3021 ad
264 2973 338 3020 eam
351 2955 454 3037 igitur
466 2953 595 3018 laboris
610 2953 810 3036 patientiam
825 2973 899 3018 sese
914 2954 1054 3030 durarit,
1069 2960 1106 3019 ut
1118 2954 1218 3020 Glos-

119 3060 208 3125 saria
231 3057 365 3134 Latina,
380 3056 414 3119 in
431 3055 590 3121 leidensi
604 3054 820 3120 Bibliotheca
835 3055 988 3132 latentia,
1004 3054 1124 3137 quibus
1138 3055 1220 3118 nibil

118 3171 262 3243 usquam
277 3159 334 3222 vel
346 3161 524 3235 vetustate,
533 3158 588 3222 vel
598 3156 794 3240 prestantia
809 3155 917 3219 simile
930 3156 1090 3238 reperias,
1100 3174 1120 3219 e
1129 3159 1219 3220 tene-

118 3262 187 3326 bris
198 3257 691 3342 inlucemvocet,lingnamqne
702 3255 922 3332 Latinamde
931 3255 1028 3339 cujus
1037 3255 1154 3339 inopia
1164 3275 1219 3320 ve-

121 3369 176 3427 tus
200 3361 338 3445 querela
359 3364 421 3436 est,
437 3360 566 3443 aliquot
580 3360 674 3424 mille
689 3357 864 3424 vocabulis
880 3377 921 3422 ao
935 3356 1060 3435 formis,
1074 3358 1219 3424 noudum

122 3462 277 3546 cognitis,
287 3461 481 3546 locupletet.
497 3460 710 3544 Quanquam,
720 3479 798 3543 quae
805 3459 995 3543 juventutis
1006 3464 1127 3525 nostrae
1136 3459 1220 3524 mol-

121 3567 211 3633 lities
224 3570 287 3641 est,
298 3583 498 3647 magnopere
513 3584 641 3643 vereor,
655 3584 698 3629 ne
708 3565 783 3630 haec
795 3563 904 3628 surdis
920 3563 1058 3628 auribus
1067 3583 1196 3628 cauam.

163 3667 232 3732 Sed
246 3665 372 3743 redeat,
388 3663 476 3728 unde
492 3665 641 3742 deflexit,
653 3665 774 3730 oratio.
818 3665 883 3729 Est
898 3682 981 3730 sanc
1000 3663 1069 3728 ista
1080 3665 1221 3748 antiqui·

124 3769 202 3834 tatis
213 3766 384 3834 affectatio
396 3766 538 3832 molesta
547 3763 727 3849 Apuleium
737 3765 937 3850 legentibus.
960 3763 1089 3830 Nescio
1098 3771 1220 3844 umen,

123 3889 164 3935 an
179 3869 356 3936 molestior
369 3868 415 3931 ait
425 3873 534 3930 tumor
548 3865 744 3946 Africanus,
762 3887 830 3951 quo
844 3868 1041 3944 orationem,
1049 3867 1084 3930 in
1093 3865 1136 3929 iis
1146 3867 1220 3948 qui·

125 3970 197 4036 dem
210 3971 315 4050 libris,
331 3987 418 4052 quos
433 3987 454 4031 a
469 3967 579 4034 duretis
593 3969 656 4050 legi
673 3969 791 4045 uoluit,
813 3973 931 4053 praeter
951 3966 1089 4031 modum
1107 3973 1141 4031 et
1160 3986 1222 4050 pn·

127 4071 234 4136 dorcrn
248 4070 390 4146 inflavit,
406 4071 578 4153 ceteroqui
591 4071 726 4135 minime
740 4070 842 4134 hebes
857 4070 899 4133 ad
916 4068 963 4144 id,
986 4066 1079 4151 quod
1096 4069 1222 4133 rectius

126 4179 220 4254 esset,
247 4171 512 4254 intelligendum.
558 4173 695 4257 Quippe
723 4175 759 4238 in
788 4171 970 4255 Apologia,
993 4189 1071 4256 quae
1094 4190 1160 4236 uon
1185 4172 1221 4236 in
