2914 4770
241 321 286 382 to
716 329 873 380 seuseu

242 477 430 556 mulceom;
453 476 553 542 modo
576 475 606 540 si
629 485 793 561 papyrum
806 473 1027 559 AEgyptian‚⁴
1051 473 1182 558 argutia
1197 472 1343 540 Nilotici

242 669 348 718 eissvlsm
359 667 500 732 Egyptian
513 673 638 717 exmerent
652 667 758 716 ιιιιιιιέιιι
772 665 895 716 orsadutis
906 665 1018 715 Niliaea.
1052 663 1103 714 Hic
1112 664 1209 728 incipio,
1218 667 1246 712 st
1261 663 1342 712 odari-

700 791 847 812 oooooooo
849 785 878 812 θ’

241 875 361 926 carminis
372 875 514 924 trimetrum
527 875 672 940 iambicum,
687 883 808 927 constans
824 889 870 926 ses
889 874 1008 939 pedibus.
1040 871 1144 937 Recipit
1154 879 1241 921 entem
1253 869 1342 921 Poiita

241 940 376 989 licentiose
389 941 477 1003 pedes,
496 947 522 989 et
539 954 583 990 eos
603 942 680 990 etism
696 941 741 990 ubi
757 941 989 992 communiteruon
1001 939 1095 1000 soient,
1110 943 1140 987 ut
1155 937 1181 986 in
1197 935 1250 984 flue
1260 949 1341 1012 spop-

241 1003 334 1078 darum
360 1003 418 1053 iloc
430 1011 516 1080 pitteus
528 1019 630 1054 carmen
642 1005 757 1054 admittit
768 1005 890 1067 iambum,
901 1003 970 1054 uude
980 1011 1008 1053 et
1018 1003 1124 1080 dicitnr,
1134 1001 1251 1050 omuibus
1261 1001 1341 1076 loeus,

238 1065 1344 1196 {rettulitretiulit:tiliisurlrrssillu‘iiitil'u{iiiii

239 1201 268 1243 et
279 1193 402 1244 dicautur
414 1196 597 1246 scutalectica:
614 1197 751 1261 aliqusndo
768 1198 868 1261 syllaba
880 1210 930 1246 una
940 1195 1075 1258 deficiunt,
1091 1203 1120 1244 et
1134 1194 1257 1242 dicuntur
1266 1198 1342 1268 eata-

239 1259 351 1307 leetica:
370 1259 508 1323 aliqnando
519 1259 627 1322 duabus,
640 1270 667 1310 et
679 1260 802 1311 dicuutur
813 1260 1071 1325 bncbycstalectics.
1086 1258 1140 1308 Pro
1151 1257 1247 1321 majore
1259 1257 1341 1320 igttnr

240 1331 317 1385 psrte
330 1331 391 1370 snut
409 1325 527 1373 triuretra
544 1325 724 1386 sestalectics,
740 1327 777 1375 its
793 1333 890 1387 tamen,
906 1323 975 1390 quod
993 1324 1075 1387 prims
1094 1322 1176 1372 dictio
1192 1319 1342 1371 duodecimi

239 1399 329 1434 tersus
340 1399 389 1446 per
397 1387 426 1436 ai
436 1389 621 1452 dipbtbougntu
638 1390 775 1440 scribenda
791 1389 932 1449 dividatur,
948 1396 978 1438 ut
996 1387 1041 1436 illa
1052 1387 1190 1450 dispartita
1200 1385 1340 1450 dipbtbou·

239 1463 286 1512 gns
298 1449 408 1498 iambum
424 1451 516 1514 pedem
527 1451 635 1516 obiciat,
651 1461 678 1504 et
690 1455 715 1503 in
733 1453 851 1520 sequenti
863 1467 940 1502 versu
951 1451 1094 1518 penultima
1104 1451 1213 1514 syllaba,
1223 1463 1281 1513 quse
1298 1454 1343 1498 est

238 1527 263 1574 s,
274 1514 306 1562 de
318 1520 400 1563 metro
418 1529 468 1564 non
486 1516 629 1582 abjiciatur.
662 1519 774 1581 Insuper
789 1518 932 1580 sciendum,
949 1529 1049 1566 vernum
1070 1515 1197 1564 decimum
1216 1521 1341 1563 octsvnru

238 1589 295 1626 esse
313 1578 518 1642 Hipponactium
537 1581 681 1631 trimetrum
701 1583 893 1640 catalecticum,
904 1581 966 1645 quia
982 1594 1035 1630 nna
1053 1577 1143 1629 delicit
1161 1578 1270 1643 syliabs.
1305 1579 1340 1626 ln

238 1645 444 1703 antepenultimo
462 1659 537 1693 versu
556 1645 688 1694 dividetur
707 1647 786 1696 etiam
807 1645 982 1710 diphthongus
1000 1645 1026 1692 in
1044 1643 1096 1692 line
1113 1643 1187 1692 iliius
1206 1641 1342 1702 dictionis,

237 1705 357 1755 sebasia.-
375 1712 405 1755 ut
416 1707 492 1756 scribi
511 1708 615 1766 debent,
626 1710 748 1760 nissimi.
783 1711 943 1759 Pennitimus
961 1715 1047 1758 sutem
1061 1721 1148 1757 versos
1165 1705 1244 1756 etism
1264 1713 1341 1755 csta·

238 1769 347 1817 lecticus
358 1777 414 1830 est;
432 1784 482 1819 uus
493 1773 615 1822 videlieet
626 1773 723 1836 syllaba
737 1772 872 1824 deficiens.
905 1773 1020 1824 Ultimos
1038 1785 1099 1820 vero
1119 1783 1207 1821 versus
1224 1767 1340 1818 dimeter

237 1839 280 1882 est
291 1833 413 1883 iambicus
425 1834 457 1898 by
479 1837 688 1898 ercatslecticns,
699 1845 821 1889 constans
833 1844 943 1903 quatuor
956 1835 1063 1901 pedibus
1075 1839 1102 1885 et
1114 1849 1164 1884 uua
1175 1834 1284 1898 syllaba,
1293 1833 1341 1897 qui

238 1903 266 1945 et
278 1895 399 1946 Alesicus
416 1898 530 1950 dicitur!
546 1901 705 1950 Elusesborai.
739 1901 900 1952 Milesiarum
917 1901 1072 1966 principium
1092 1899 1206 1949 versibus
1224 1910 1340 1975 concep·

237 1965 291 2008 ttuu
305 1960 382 2010 ltrisse
400 1963 496 2024 primus
512 1963 659 2014 observavit
675 1967 723 2026 vir,
744 1973 845 2029 pstrutu
858 1974 1005 2017 nottrorum
1024 1965 1145 2014 memoris
1161 1963 1340 2024 docttsstnsna,

238 2025 532 2087 PhiiippusBerosidus.
566 2031 625 2082 Quo
636 2030 844 2080 nomineernditi
861 2029 977 2080 nouonlli
996 2029 1044 2078 riri
1064 2043 1123 2079 eum
1142 2027 1262 2088 snpilisre
1280 2027 1339 2075 susi

236 2087 300 2148 sint,
310 2089 358 2138 boc
369 2091 587 2153 soioarguutento
598 2091 669 2153 freti,
685 2095 754 2158 quod
767 2095 870 2156 Apuleil
889 2109 973 2143 sermo
990 2091 1119 2158 pedestris
1138 2090 1235 2154 poetici
1254 2090 1341 2139 iustsr

235 2158 306 2199 totus
317 2150 427 2215 flueren
445 2157 517 2219 quasi
529 2157 674 2206 Beroaldus
686 2171 717 2207 eo
729 2159 831 2210 nomine
843 2159 971 2222 deceptor
989 2171 1078 2207 versos
1094 2169 1153 2206 esse
1172 2154 1339 2205 credidisset.

236 2215 373 2280 Equidem,
386 2225 415 2266 ut
431 2218 536 2282 Apuleii
555 2235 699 2272 sermonem
719 2223 823 2284 poitico
844 2225 989 2288 propiorem
1006 2235 1065 2271 esse
1086 2234 1137 2269 uon
1157 2217 1279 2280 diffiteor,
1297 2219 1339 2268 ita

235 2279 312 2328 ullam
321 2281 382 2330 mibi
395 2282 421 2331 iu
431 2291 485 2333 toto
496 2284 545 2335 boc
557 2293 663 2335 sttctore
674 2288 795 2350 pagiuam
805 2287 908 2337 ostendi
920 2287 1007 2342 uelim,
1019 2287 1046 2334 in
1058 2299 1111 2349 qus
1120 2298 1170 2333 uon
1180 2283 1263 2333 dicam
1273 2283 1340 2342 levi,

236 2343 282 2392 sed
301 2345 372 2394 nulls
401 2360 486 2397 rorans
504 2349 647 2400 mutatione
665 2365 680 2400 e
699 2352 785 2400 soluta
802 2353 918 2402 oratione
934 2352 1015 2414 ligata
1032 2349 1090 2399 fieri
1110 2349 1201 2412 possit.
1234 2347 1341 2396 Deinde

235 2408 355 2484 uersibus
366 2359 399 2458 sb
411 2410 527 2462 ductore
538 2421 695 2478 conceptum
717 2429 775 2465 esse
795 2415 850 2480 ipse
862 2417 956 2465 docet:
975 2419 983 2444 ⁵
995 2415 1077 2475 Ecce,
1092 2414 1150 2476 ipsa
1160 2413 1217 2460 irasc
1228 2411 1339 2474 quidem

231 2485 288 2533 jaus
300 2486 369 2521 roets
380 2474 527 2526 immutstio
537 2479 688 2530 desultoriae
697 2479 815 2528 scientlse
827 2481 904 2543 stylo,
913 2493 989 2543 quesn
1001 2479 1164 2537 arcessimus,
1175 2475 1340 2537 respondet!

235 2535 301 2586 Qute
314 2537 384 2586 vocis
395 2539 557 2590 immutatio?
574 2543 692 2593 nimirum
712 2557 801 2594 versus
816 2545 1005 2593 ceutiliaverat.
1038 2541 1089 2592 Ubi
1108 2539 1141 2589 ad
1158 2553 1260 2603 prosum
1273 2553 1339 2589 ven·

236 2605 291 2648 tum
301 2598 360 2664 init,
375 2603 447 2665 pravi
460 2619 490 2653 sc
502 2608 613 2655 oratorio
623 2615 697 2670 gestu
711 2608 882 2671 pronunciare
893 2609 982 2670 coepit.
1016 2605 1047 2654 Id
1067 2603 1136 2682 qnod
1148 2603 1339 2653 eruditissimus

233 2663 303 2712 viros
313 2662 410 2728 fugisse
423 2668 507 2718 miror.
540 2669 600 2720 Hoc
611 2672 691 2734 igitur
701 2679 752 2734 est,
770 2670 839 2736 quod
855 2673 942 2720 ‘vocis
953 2666 1174 2720 immutationem'
1190 2675 1275 2718 vocat.
1297 2669 1340 2718 Ut

232 2735 318 2776 autent
330 2730 385 2780 bec
397 2732 482 2782 omnia
494 2736 610 2784 versibus
622 2745 749 2800 concepta
762 2751 829 2796 esse,
848 2743 920 2785 reete
932 2734 1075 2784 Berosidna
1086 2733 1163 2793 vidit,
1180 2732 1219 2781 ita
1236 2747 1281 2781 eos
1296 2732 1338 2782 sic

234 2791 371 2857 disposuit,
383 2805 410 2844 ut
422 2795 447 2844 iti
460 2800 526 2861 quod
538 2797 672 2851 affirmarit
682 2803 739 2864 ipse
751 2815 802 2850 unu
815 2801 973 2850 intellexisse
984 2799 1111 2848 rideatur·
1129 2797 1188 2846 Non
1199 2803 1241 2845 est
1254 2795 1340 2860 pudo·

233 2855 270 2903 ris
280 2859 373 2917 nostri,
393 2867 431 2920 ut,
467 2863 552 2910 uoties
563 2878 676 2912 summus
693 2865 719 2912 ia
738 2865 819 2912 literis
834 2879 880 2913 suo
897 2879 954 2914 oero
974 2865 1014 2912 vir
1034 2863 1060 2911 iu
1074 2862 1186 2926 syllabas
1206 2861 1339 2923 peccarit,

232 2933 422 2969 enumeremus.
480 2937 511 2972 oc
522 2932 622 2975 tantum
635 2942 652 2975 ι
660 2928 784 2977 studiosis
795 2928 917 2990 petimus,
929 2936 956 2978 stt
967 2934 1056 2976 nostra
1066 2941 1123 2976 curu
1136 2925 1213 2985 illius,
1223 2933 1338 2990 utraque

233 2997 292 3031 cum
304 2985 415 3048 vulgatis
427 2987 560 3038 codicibus
578 2988 698 3040 conferre
717 3005 767 3040 non
785 3001 931 3055 graventur.
965 2993 1007 3042 lta
1024 3007 1088 3057 ergo
1104 2991 1138 3041 ab
1149 2989 1259 3056 Apuleio
1275 2991 1337 3040 brec

229 3058 360 3113 concepta
369 3063 426 3100 esse
435 3047 605 3105 affirmamus:

423 3117 460 3165 Ar
470 3131 515 3178 ego
524 3118 570 3167 tibi
578 3133 683 3170 sermm
693 3119 740 3170 isto
750 3118 848 3169 Milesio

430 3181 976 3248 Vorioejnbellsaeosseruvtoiqsensresttsns

422 3244 513 3306 lapids
522 3260 618 3295 susum
629 3247 749 3298 beneroles
757 3251 922 3310 permulcens.

425 3309 532 3358 iliodori
540 3325 656 3374 papyrum
667 3313 807 3375 Egyptian
818 3317 846 3362 its
856 3312 953 3374 argutio

724 3447 831 3498 NOTAE

231 3537 289 3588 lism
302 3537 372 3604 (usus
384 3545 412 3590 et
423 3539 567 3608 illie,&c.)‘
579 3543 654 3594 multi
665 3545 691 3594 in
702 3559 759 3595 ver·
799 3547 881 3596 visutu
904 3553 956 3608 est,
981 3547 1100 3610 neglecta
1128 3555 1269 3598 metrorum
1292 3563 1334 3598 ra·

228 3614 324 3666 siculos
336 3615 460 3679 tribuunt,
469 3619 626 3670 auctoritate
638 3622 692 3670 nisi
703 3621 758 3670 Flo·
800 3623 881 3685 tione,
896 3623 954 3676 irasc
965 3625 1050 3672 omnia
1061 3637 1113 3672 uno
1125 3632 1215 3673 tenore
1226 3626 1334 3687 excudi,

229 3689 324 3738 rentiui
343 3691 455 3755 eodieis;
471 3695 526 3758 sed,
545 3711 603 3747 curu
623 3698 697 3748 suulti
715 3697 759 3748 aiii
800 3700 947 3750 suctoribos
957 3701 1095 3763 Woverio,
1106 3701 1218 3762 Pricao,
1226 3709 1254 3751 et
1262 3703 1334 3752 Scri-

228 3773 321 3816 extent
330 3769 394 3818 bias.
407 3771 526 3834 Codices,
541 3775 567 3822 iu
580 3775 671 3841 quibus
681 3777 759 3828 aliter
799 3777 879 3828 reric.
912 3778 947 3826 Ar
959 3791 1012 3840 ego,
1021 3779 1061 3840 ipe.
1078 3775 1278 3840 prefatiuncula
1291 3785 1335 3829 est

228 3859 256 3892 se
268 3845 356 3908 babet,
374 3853 401 3895 et
412 3860 504 3897 revera
520 3851 546 3898 bi
562 3867 652 3902 versate
665 3861 717 3904 tans
728 3857 757 3904 ii·
799 3854 879 3904 totius
899 3852 1003 3914 Operis.
1044 3851 1180 3902 Particols
1201 3851 1273 3903 ‘At'
1290 3854 1331 3903 its-

227 3922 337 3972 centiosi
359 3923 419 3984 sint,
440 3931 530 3988 totque
549 3927 642 3989 pedum
663 3942 759 3990 genere
798 3933 900 3991 ceptivs
912 3933 964 3987 est,
981 3927 1143 3978 adornatum
1155 3935 1257 3978 tautum
1270 3943 1331 3993 per-

227 3995 376 4060 admittant,
399 4006 429 4048 ut
447 4001 545 4063 queue
568 4015 644 4065 prosa
665 4003 759 4064 oratio,
798 4003 890 4052 tiuena.
930 4003 974 4053 Sic
993 4003 1120 4052 Horatius
1139 4005 1197 4054 iibri
1219 4005 1332 4068 Epotion

227 4071 342 4137 ipseque
360 4072 425 4122 adeo
437 4075 571 4125 Ciceronis
582 4079 712 4126 orationes
731 4077 757 4126 in
798 4076 876 4125 Odeu
898 4083 922 4127 u.
950 4076 1056 4140 incipit:
1084 4078 1155 4140 ‘At
1175 4095 1191 4129 o
1212 4081 1330 4130 Deorum

227 4161 316 4198 versus
333 4149 429 4200 similes
444 4150 527 4215 digeri
539 4152 647 4217 possint,
665 4152 758 4204 meiius
797 4151 918 4217 quicquid
945 4153 971 4201 in
992 4154 1059 4202 coelo
1082 4155 1149 4218 regit
1177 4157 1279 4218 Terras,
1302 4163 1331 4206 et
