2914 4770
415 687 901 796 snannlssm'uo

263 925 1074 1045 DELPHINO

459 1177 893 1293 LUDOVICO,

317 1417 580 1496 LUDOVICI
622 1420 808 1497 MAGNI
849 1421 1011 1520 Huc,

17 1639 18 1650 ’
87 1652 91 1660 ’
142 1633 379 1701 JULIANUS
405 1631 649 1702 FLORIDUS
672 1635 708 1701 J.
722 1635 769 1701 U.
782 1638 824 1702 L.
848 1635 958 1702 CAN.
981 1633 1193 1702 GARNOT.

485 1873 850 1918 m

121 2073 252 2164 Sismn
280 2117 318 2162 se
344 2097 405 2164 tibi
430 2089 577 2173 tandem,
602 2093 865 2161 snanmssmn
891 2094 1109 2178 Dananian,
1139 2108 1217 2186 post

17 2257 18 2290 ἒ
121 2217 227 2264 moras
250 2218 334 2266 sone
356 2217 458 2282 qnam
480 2198 599 2280 longas
613 2195 782 2282 Apuleius
806 2207 930 2265 noster.
974 2200 1046 2266 Sub
1068 2203 1134 2267 tuis
1156 2205 1214 2270 ille

120 2300 240 2366 dudum
255 2300 437 2382 auspiciis,
456 2300 557 2384 jussu
578 2301 725 2382 parentis
738 2297 996 2384 Angustissimi,
1019 2321 1108 2368 novo
1123 2305 1214 2369 cultu

120 2401 267 2468 adomari
283 2408 434 2484 coeptus,
463 2406 498 2465 et
522 2400 565 2464 ad
590 2400 787 2466 umbilicum
802 2401 994 2485 perductus,
1012 2403 1046 2468 si
1060 2417 1129 2470 nob
1143 2423 1214 2470 om-

120 2502 194 2566 aino
207 2510 361 2585 tempore
380 2499 502 2586 (quod,
526 2507 588 2564 tua
611 2500 646 2561 in
669 2500 834 2566 discendo
848 2502 1021 2568 celeritate
1036 2504 1097 2568 vix
1112 2507 1215 2570 susti-

17 2643 18 2646 =
120 2608 210 2666 nenia
225 2600 420 2668 docentium
435 2615 559 2678 moras,
584 2597 815 2664 difficillimum
836 2586 934 2685 erat),
962 2609 1051 2668 certe
1074 2624 1141 2669 non
1163 2607 1214 2670 in-

120 2703 314 2788 tempestivo
336 2720 478 2785 prorsus
500 2701 534 2764 in
556 2719 677 2764 manus
701 2702 851 2764 venisset
873 2710 964 2780 tuns,
986 2703 1065 2781 nisi,
1086 2715 1214 2789 quaeet

118 2805 189 2870 aliis
201 2825 271 2870 non
284 2795 418 2888 paucis,
439 2803 518 2866 huic
534 2819 669 2884 quoque
682 2801 830 2883 maligna
843 2802 916 2868 iata
929 2803 1039 2870 lucem
1055 2805 1113 2870 diu
1128 2807 1213 2874 invi-

17 2983 18 2998 *
119 2903 251 2970 dissent.
289 2904 401 2983 Unde,
416 2923 493 2968 cum
508 2902 630 2985 sejam
643 2902 745 2970 nimis
759 2920 881 2980 serum,
896 2909 931 2968 et
945 2905 1123 2987 tibiplane
1137 2908 1213 2972 inu-

120 3006 207 3070 tilem
221 3012 382 3082 cerneret,
396 3003 567 3088 perpetuis
582 3003 707 3086 quibus
722 3019 800 3066 cnm
814 3002 1049 3070 damnaveram
1065 3007 1212 3072 tenebris

17 3119 18 3140 ¹
120 3106 281 3186 promise
303 3103 396 3169 baud
422 3102 602 3168 admodum
627 3103 754 3166 invitus
778 3101 983 3183 patiebatur.
1027 3103 1109 3182 Sed,
1132 3113 1213 3173 nata

119 3207 176 3270 tibi
189 3225 210 3270 e
224 3206 436 3270 sanctissimo
450 3201 619 3268 connubio
631 3203 719 3266 trina
732 3202 840 3285 prole,
854 3203 909 3266 cui
923 3204 966 3268 ad
981 3203 1099 3286 dignas
1114 3205 1212 3274 Prin-

17 3317 18 3326 ’
119 3307 249 3390 cipibus
261 3305 357 3372 vids
383 3311 472 3371 artes
494 3304 723 3390 peruestigia
746 3311 808 3370 tua
833 3304 1040 3369 sternendum
1063 3307 1128 3371 erit
1149 3309 1212 3374 iter

119 3408 325 3492 propediem,
355 3409 521 3473 contineri
546 3405 672 3478 diutius
698 3425 762 3471 non
786 3406 898 3488 potuit
924 3405 1006 3489 quin
1033 3426 1052 3470 e
1077 3409 1211 3475 scriniis

17 3551 18 3556 κ
33 3541 40 3555 ·
118 3511 197 3574 meis
211 3515 409 3594 crumperet,
423 3514 513 3574 ratus
528 3508 594 3590 sibi
608 3526 742 3590 quoque
757 3507 790 3570 in
802 3505 922 3588 Regiis
936 3506 1049 3588 pueris
1059 3509 1211 3574 crudien-

17 3601 18 3632 ¹
119 3610 167 3674 dis
191 3617 308 3693 partes
323 3610 469 3693 aliquas,
493 3617 529 3672 et
550 3613 776 3691 opportunam
785 3607 847 3690 ‚sui
861 3607 992 3689 meique
1005 3627 1086 3690 erga
1099 3615 1134 3674 te
1150 3612 1211 3676 ob·

119 3712 226 3794 eequii
248 3709 462 3775 contestandi
481 3710 694 3774 occasionem
709 3709 877 3790 obtingere
891 3708 1072 3793 aliquando
1098 3729 1210 3794 posse.

17 3799 18 3822 ²
118 3811 194 3877 Hac
207 3831 284 3874 enm
298 3830 359 3895 spe
374 3810 539 3875 volentem
553 3809 813 3876 emittolubcns.
856 3809 943 3888 Quis
957 3809 1113 3876 enimvel
1126 3809 1211 3876 levi-

17 3899 18 3946 3
119 3919 165 3978 ier
180 3913 243 3976 tibi
257 3913 444 3995 placuisse,
455 3919 490 3978 ct
500 3911 668 3976 tantillum
676 3909 844 3992 profuisse
855 3912 998 3976 tuisnon
1011 3914 1083 3975 toto
1099 3910 1210 3976 animo

120 4019 265 4096 exoptet,
287 4033 330 4078 ac
356 4033 494 4078 summae
514 4011 657 4076 sortunm
677 4009 781 4075 ducat
794 4010 882 4090 loco,
905 4029 983 4077 cnm
999 4027 1036 4074 se
1050 4009 1139 4075 sciat
1152 4031 1211 4077 ca-

118 4114 189 4178 dem
205 4133 310 4196 opcra
322 4115 389 4192 toli
403 4113 475 4177 orbi
490 4111 681 4178 Christiano
706 4111 940 4194 profuturum?
985 4105 1066 4176 Huc
1080 4113 1208 4198 quippe

180 4231 301 4293 nepae
317 4229 375 4280 Ver.
387 4231 452 4280 Clau.
627 4229 697 4292 Apul·
1118 4225 1144 4276 Α
